2673 3134
316 165 515 210 Postremo
545 170 582 202 ut
613 166 724 203 brevi
755 165 1091 215 comprehendam,
1121 177 1221 213 quae
1249 165 1298 201 de
1325 164 1446 202 tribus
1474 163 1533 200 liis
1560 145 1735 222 epistulis
1764 135 1945 207 eruisse*
1937 161 2033 205 nihi
2034 135 2271 217 'deut'-
2229 178 2378 214 aonam
2406 175 2411 180 '

142 229 278 275 733,
307 230 457 268 tertiam
488 230 614 268 hieme
645 228 785 281 73314,
815 236 993 268 octavam
1023 241 1114 268 vere
1142 241 1176 267 a.
1210 226 1289 268 734
1319 229 1481 287 scriptas
1509 238 1594 266 esse
1620 226 1828 267 admodum
1857 218 1948 268 veri
1969 224 2115 269 aaut}
2113 237 2228 272 est.
2353 236 2363 242 ’

317 294 506 340 Quoniam
537 295 653 344 igitur
681 295 883 344 epistulam
914 298 1091 332 octavam
1121 295 1250 344 priore
1278 298 1317 331 et
1335 284 1602 331 duodecimam
1631 291 1759 330 media
1776 296 1816 330 et
1834 278 2188 340 duodevichimann
2206 298 2391 348 mered*-
2445 277 2456 322 »ι
2480 291 2482 293 ’
2520 289 2591 333 52³

116 371 148 394 a.
185 357 260 394 734
291 364 401 407 parte
430 363 533 396 ortas
562 371 647 396 esse
676 371 753 396 non
784 359 887 396 nulla
926 371 1011 396 cum
1042 356 1312 408 probabilitate
1352 357 1629 402 constituimus,
1669 357 1852 407 sequitur,
1892 361 1934 394 ut
1970 345 2020 396 ad
2047 359 2101 405 id,
2130 360 2234 410 quod
2262 361 2380 415 supi-a

116 425 162 460 de
194 424 377 462 vicesima
405 425 665 470 disseruimus,
697 427 770 463 iam
802 426 987 462 addamus
1018 436 1116 469 eam,
1147 428 1188 460 ut
1217 435 1315 472 quae
1346 427 1538 472 postrema
1564 417 1680 459 totius
1705 420 1794 459 libri
1822 423 1882 468 sit,
1913 428 2000 471 post
2028 422 2115 461 illas
2145 426 2261 474 paulo
2288 433 2378 467 ante

115 488 181 524 tl.
218 488 268 524 ld.
301 488 393 526 Dec.
429 486 504 526 734
538 491 716 538 scriptam
746 496 778 526 et
812 494 933 526 totum
964 488 1102 527 librum
1134 487 1203 528 sub
1234 488 1348 524 tinem
1378 487 1489 524 huius
1518 488 1608 524 anni
1637 479 1780 524 editum
1809 499 1905 524 essa.
2195 505 2198 507 μ

319 554 574 591 Transeamus
611 556 686 591 iam
727 555 773 591 ad
815 567 872 602 ep.
912 554 999 591 XV
1040 567 1115 602 qua
1152 553 1331 590 Horatius
1369 551 1602 590 Numonium
1637 550 1777 589 Valam
1815 553 1981 589 amicum
2020 565 2131 591 suum
2178 536 2377 602 certiorem

119 618 205 654 iacit
239 631 278 654 se
309 619 357 655 ab
380 619 546 655 Antonio
566 619 677 655 Musa
706 619 855 655 medico
886 621 1027 655 iussum
1058 630 1141 655 esse
1173 617 1400 654 valetudinis
1431 628 1545 653 causa
1573 616 1737 653 hiemem
1766 617 2028 666 insequentem
2059 620 2122 656 vel
2149 620 2284 661 Veliae
2313 623 2378 662 vel

53 672 56 675 ’
121 681 268 718 Salerni
300 682 438 732 degere
468 682 692 732 frigidisque
722 683 870 721 balneis
901 685 964 720 uti.
1025 683 1179 721 Constat
1202 695 1302 722 anno
1325 682 1397 720 731
1424 683 1639 732 Augustum
1669 683 1895 732 gravissimo
1914 681 2092 721 affectum
2113 686 2258 732 morbo,
2289 699 2377 726 cum

120 746 194 782 iam
227 748 273 783 ub
304 747 482 784 omnibus
521 748 678 785 medicis
717 748 888 784 desertus
918 757 1034 793 esset,
1075 750 1122 786 ab
1162 749 1229 785 illo
1260 749 1429 785 Antonio
1458 747 1564 785 Musa
1602 746 1748 797 frigidis
1785 746 1933 786 balneis
1972 748 2267 798 potionibusque
2295 763 2379 790 esse

120 819 305 849 sanatum.
323 813 374 858 ²⁷)
433 813 518 859 Quo
550 816 691 850 factum
722 819 791 857 est,
824 821 858 849 ut
885 814 1074 851 Antonius
1104 814 1251 850 illustre
1281 813 1351 851 sibi
1382 824 1519 850 nomen
1548 817 1701 861 pararet
1729 816 1765 849 et
1785 812 1964 862 permulti
1992 815 2097 863 aegri
2126 826 2266 853 novam
2297 818 2377 854 eius

120 877 299 914 medendi
320 878 504 914 rationem
527 883 791 926 sequerenturg
823 879 925 926 quod
956 880 1003 916 de
1023 879 1207 917 Marcello
1240 880 1401 928 Augusti
1431 890 1571 928 genero
1591 878 1664 915 Dio
1685 877 1837 915 Cassius
1858 876 1942 925 (53,
1967 877 2036 925 10)
2066 881 2272 918 memoriae
2291 893 2377 931 pro-

121 941 227 979 didit.
288 942 431 988 Quodsi
464 956 510 980 ex
541 957 600 992 ep.
635 943 722 988 XV,
747 943 768 980 3
800 946 1030 993 perspicitur
1059 947 1182 994 ipsum
1213 956 1365 994 quoque
1394 943 1592 981 Horatium
1622 943 1754 981 Musae
1793 946 2019 982 auctoritate
2059 952 2097 982 ut
2132 946 2246 993 qeuda
2285 948 2377 984 undo

114 1008 329 1054 per-lueretur
364 1015 596 1045 commotum
637 1022 737 1054 esse,
783 1011 847 1046 vix
887 1011 1043 1047 dubium
1085 1018 1138 1048 est
1180 1024 1226 1048 an
1258 1012 1330 1047 hoc
1361 1009 1562 1046 consilium
1592 1010 1735 1053 inierit,
1771 1013 2021 1058 posteaquam
2052 1011 2208 1048 Antonii
2238 1023 2377 1050 nomen

119 1079 252 1109 sanato
283 1075 457 1123 principe
487 1076 720 1113 inclaruerit.
781 1078 864 1122 Qua
895 1078 943 1113 de
973 1090 1087 1114 causa
1118 1078 1278 1125 epistula
1310 1078 1403 1114 haec
1435 1082 1615 1113 autumno
1636 1080 1701 1112 aut
1720 1076 1839 1124 ipsius
1863 1076 1952 1113 anni
1975 1074 2047 1113 731
2074 1081 2137 1113 aut
2159 1077 2378 1125 posterioris

120 1140 282 1176 alicuius
314 1140 464 1177 videtur
495 1143 712 1191 conscripta
741 1155 834 1179 esse.

320 1206 423 1243 Idem
455 1208 492 1243 in
523 1208 725 1257 epistulam
757 1208 850 1245 xvi
882 1208 1018 1245 cadere
1060 1211 1230 1257 profecto
1267 1208 1473 1250 concedes,
1515 1219 1599 1242 cum
1631 1219 1781 1243 versum
1819 1207 1865 1242 14
1898 1207 2051 1256 legeris.
2093 1219 2168 1255 quo
2198 1208 2376 1246 Horatius

119 1274 212 1306 fonti
246 1271 474 1307 Sabinorum
506 1286 660 1309 suorum
693 1275 790 1309 hanc
822 1275 950 1309 tribuit
984 1275 1151 1310 laudem:

653 1340 788 1388 infirmo
819 1342 925 1389 capiti
953 1340 1023 1380 fluit
1054 1339 1153 1378 utilis,
1187 1339 1275 1373 utilis
1305 1338 1391 1373 alvo.

121 1404 171 1440 lta
210 1404 376 1443 seribere
418 1416 492 1441 nou
534 1407 657 1454 potuit
683 1403 817 1455 poeta,
859 1411 1062 1454 antequam
1102 1404 1183 1451 ipse
1213 1403 1436 1440 balneorum
1475 1402 1698 1451 frigidorum
1737 1402 1784 1438 ab
1816 1401 1984 1438 Antonio
2024 1403 2376 1441 commendatorum

118 1475 297 1516 expertus
327 1473 425 1505 esset
457 1469 730 1506 salubritatem.
805 1470 888 1515 Qua
919 1482 959 1506 re
1000 1471 1134 1505 mirum
1166 1481 1241 1505 uon
1272 1475 1343 1510 est,
1384 1469 1486 1516 quod
1516 1468 1694 1504 Horatius
1728 1470 1766 1503 in
1798 1470 1965 1504 carmine
1995 1467 2065 1512 111,
2101 1466 2147 1505 13
2179 1475 2265 1506 ante
2296 1468 2371 1507 731

119 1534 332 1581 composito
375 1533 538 1571 eundem
579 1534 721 1571 fontem
762 1536 811 1570 ita
856 1534 998 1571 laudat.
1040 1541 1076 1570 ut
1112 1537 1232 1581 pecori
1262 1548 1345 1580 tayo
1376 1539 1406 1568 et
1435 1536 1542 1569 tauris
1562 1535 1679 1580 frique
1709 1533 1854 1569 amabile
1883 1545 1929 1569 eo
1960 1532 2134 1581 praeberi
2168 1533 2374 1582 praedicet,

117 1605 239 1634 taccat
270 1599 318 1635 de
347 1599 424 1635 suis
455 1600 572 1646 ipsius
601 1599 760 1636 balneis.

315 1663 412 1700 Huic
454 1665 752 1707 ratiocinationi,
793 1676 866 1712 qua
908 1665 1110 1712 epistulam
1142 1664 1235 1701 XVI
1267 1670 1303 1701 et
1333 1671 1416 1713 post
1447 1663 1518 1699 XV
1551 1668 1585 1700 et
1617 1669 1702 1712 post
1734 1662 1804 1700 731
1850 1668 2026 1713 putamus
2061 1665 2240 1712 scriptam
2279 1677 2374 1716 esse,

118 1728 210 1764 illud
243 1730 273 1765 si
305 1741 380 1765 non
400 1729 515 1766 favet.
548 1735 649 1767 certe
677 1743 754 1767 uon
777 1730 914 1768 obstat.
945 1729 1048 1778 quod
1069 1729 1248 1766 Horatius
1268 1731 1306 1766 in
1330 1742 1439 1766 versu
1463 1729 1513 1766 29
1536 1732 1761 1779 cognomine
1792 1731 1954 1780 Augusti
1983 1731 2111 1775 utitur,
2143 1731 2245 1780 quod
2274 1744 2375 1769 anno

120 1793 197 1829 727
229 1807 251 1830 a
280 1799 413 1831 senatu
435 1794 650 1832 Octaviano
678 1796 838 1832 inditum
869 1808 951 1831 csse
971 1795 1044 1832 Dio
1074 1795 1199 1832 tradit.
1218 1798 1267 1841 ²⁸)
1331 1795 1458 1832 Aliam
1489 1797 1670 1844 temporis
1701 1801 1829 1833 notam
1859 1798 1896 1833 in
1927 1797 1998 1833 hac
2029 1796 2191 1845 epistula
2220 1798 2374 1835 invenio

118 1861 275 1898 nullam.
336 1860 471 1909 Neque
501 1863 600 1898 enim
632 1876 680 1900 ex
710 1862 962 1911 Septembm‘bns
988 1863 1081 1898 horis
1110 1862 1318 1911 quidquam
1349 1866 1472 1911 potest
1501 1860 1643 1911 colligi,
1673 1863 1763 1911 quia
1792 1867 1906 1911 poeta
1935 1862 2008 1899 hoc
2039 1862 2125 1900 loco
2156 1861 2249 1900 nihil
2270 1862 2374 1900 aliud

119 1926 271 1964 videtur
299 1931 490 1976 spectare,
533 1928 602 1964 nisi
636 1932 672 1964 ut
706 1927 836 1964 villam
869 1938 974 1964 suam
1006 1928 1118 1962 etiam
1149 1927 1376 1976 gravissimo
1416 1928 1503 1962 anni
1533 1932 1704 1974 tempore
1734 1938 1816 1963 esse
1845 1927 2133 1963 saluberrimam
2165 1927 2373 1963 confirmet.

318 1991 488 2039 Epistula
524 1993 557 2025 V
589 2005 711 2039 pauca
742 1994 851 2028 nobis
882 1993 1100 2028 adiumenta
1121 1993 1278 2038 praebet
1306 1992 1354 2027 ad
1376 1993 1632 2039 computanda
1655 1998 1839 2039 tempora.
1898 1993 1931 2029 E
1963 2006 2073 2030 versu
2095 2006 2195 2030 nono
2216 1998 2375 2041 apparet

117 2064 268 2105 poetam
299 2071 381 2094 eam
413 2059 610 2105 scripsisse
641 2060 763 2107 pridie
793 2060 867 2096 diei
909 2057 1044 2095 natalis
1075 2056 1266 2101 Caesaris,
1307 2055 1370 2093 sed
1412 2056 1514 2093 docti
1555 2056 1626 2092 viri
1656 2056 1897 2101 dissentiunt,
1939 2062 2063 2094 utrum
2094 2055 2297 2096 Octaviani
2325 2070 2374 2095 an

115 2123 202 2159 Divi
233 2122 325 2159 Julii
358 2123 522 2160 natalem
553 2126 794 2173 spectaverit.
857 2125 988 2173 ltaque
1018 2123 1090 2160 hac
1120 2121 1168 2159 de
1199 2134 1239 2159 re
1269 2120 1383 2170 paulo
1414 2121 1532 2158 fusius
1562 2120 1823 2159 disserendum
1853 2125 1919 2159 est.

315 2188 374 2223 Ac
417 2189 578 2236 primum
620 2189 773 2237 quidem
815 2190 915 2226 diem
956 2189 1122 2226 natalem
1163 2189 1359 2224 dictatoris
1390 2186 1562 2224 Caesaris
1600 2187 1753 2235 publice
1792 2187 2062 2224 celebrandum
2102 2189 2290 2224 triumviri
2319 2189 2373 2223 rei

115 2252 296 2300 publicae
317 2253 605 2290 constituendae
624 2266 657 2290 a.
684 2253 761 2290 712
783 2267 804 2290 a
827 2253 948 2291 Dione
970 2252 1054 2297 (47,
1081 2251 1149 2297 18)
1170 2252 1370 2289 traduntur
1390 2251 1616 2290 decrevisse.
1668 2251 1778 2298 Quod
1799 2256 1886 2302 post
1910 2264 2077 2303 pugnam
2102 2253 2311 2297 Actiacam,
2335 2256 2374 2288 ut

114 2317 268 2355 Franke
281 2319 332 2363 ²⁹)
354 2319 580 2366 suspicatur,
611 2320 649 2356 in
670 2319 905 2357 oblivionem
928 2319 1079 2356 venisse
1109 2330 1232 2367 neque
1253 2329 1322 2368 per
1351 2330 1390 2355 se
1422 2319 1502 2355 veri
1533 2318 1655 2355 simile
1684 2323 1741 2355 est
1769 2322 1807 2355 et
1827 2318 2055 2356 calendariis
2076 2319 2315 2356 Amiternino
2336 2321 2373 2354 et

116 2383 313 2419 Antiatino
349 2383 542 2420 refut-atur.
561 2388 611 2429 ³⁰)
676 2385 738 2420 Est
771 2386 870 2421 enim
901 2387 939 2421 in
969 2385 1210 2421 Amiternino
1241 2384 1288 2421 ad
1319 2397 1351 2420 a.
1384 2384 1419 2420 d.
1452 2383 1518 2419 IV.
1578 2383 1632 2419 ld.
1663 2383 1739 2420 Jul.
1772 2384 1997 2432 ascriptum:
2034 2383 2104 2418 ludi
2122 2385 2250 2429 seriae,
2283 2382 2373 2428 quod

115 2462 153 2485 eo
182 2449 237 2487 die
267 2449 304 2488 C.
339 2450 473 2488 Caesar
502 2457 551 2487 es!
579 2457 690 2490 natus.
723 2455 758 2488 et
791 2453 826 2487 iu
850 2452 1064 2488 Antiatinoz
1097 2450 1167 2487 ludi
1197 2450 1276 2487 Divi
1303 2449 1374 2486 Juli
1402 2450 1537 2486 natalis.
1597 2448 1689 2486 Inde
1719 2455 1877 2499 apparet
1906 2448 2141 2498 temporibus
2161 2446 2305 2485 Tiberii
2335 2451 2373 2484 et

116 2514 280 2562 Claudii,
311 2517 449 2565 quibus
481 2517 698 2555 calendaria
728 2516 795 2553 illa
827 2516 1000 2553 confecta
1029 2528 1111 2553 esse
1143 2520 1302 2560 constat,
1332 2516 1433 2553 diem
1464 2515 1629 2553 natalem
1659 2516 1855 2553 dictatoris
1876 2515 2050 2553 Caesaris
2079 2514 2242 2564 publicis
2272 2513 2395 2549 ludis-

115 2581 295 2628 feriisque
325 2581 558 2617 celebratum
590 2593 682 2617 esse.
744 2581 826 2626 Qua
858 2593 898 2617 re
919 2593 993 2618 non
1016 2581 1110 2617 nulli
1133 2581 1286 2617 adducti
1309 2588 1407 2625 sunt,
1428 2585 1469 2617 ut
1488 2593 1573 2616 cum
1595 2580 1861 2629 Porphyrione
1881 2585 2081 2618 censerent
2100 2579 2202 2617 diem
2220 2579 2369 2622 festum,

116 2657 228 2692 quein
255 2643 436 2683 Horatius
469 2647 504 2683 in
534 2659 593 2694 ep.
630 2645 676 2690 V,
708 2645 731 2682 9
764 2651 1050 2687 commemorat.
1091 2645 1179 2683 Divi
1211 2645 1384 2684 Caesaris
1423 2644 1587 2684 natalem
1629 2657 1721 2684 esse.
1792 2644 1861 2684 Oui
1900 2645 2110 2684 sententiae
2137 2648 2265 2682 tamen
2295 2653 2370 2680 non

316 2796 359 2835 ²⁷)
383 2795 449 2827 Dio
466 2795 557 2829 Cass.
583 2795 636 2830 53,
653 2796 706 2827 30.
735 2814 773 2819 -
801 2799 844 2834 ²⁸)
868 2795 921 2834 53,
940 2796 990 2827 16.
1023 2813 1062 2818 —
1096 2796 1139 2834 ²⁹)
1165 2795 1253 2827 Fasti
1278 2795 1393 2826 Horat.
1418 2805 1449 2835 p.
1474 2794 1548 2826 203.
1582 2814 1620 2817 —
1648 2798 1692 2834 ⁸⁰)
1716 2796 1816 2838 Coi-p.
1841 2799 1940 2828 inser.
1965 2796 2022 2828 lat.
2048 2795 2071 2826 1.
2095 2806 2125 2836 p.
2151 2793 2216 2825 323
2239 2796 2272 2824 et
2294 2790 2369 2823 327.
