2673 3134
30 2012 52 2037 E
80 2032 89 2041 .
106 2012 188 2039 xm.

219 142 223 147 .
254 165 294 204 i'n
324 165 492 203 minores
522 168 651 214 partes
671 165 801 215 possit
828 164 951 202 dividi
982 176 1097 214 quam
1124 165 1171 209 is,
1204 166 1264 203 cui
1293 165 1494 214 epistulam
1524 164 1802 203 attribuendam
1823 175 1907 202 esse
1924 137 2089 215 sibiipsi
2108 138 2514 217 perffludriutq,
2559 210 2579 219 st

254 230 412 268 nomina
439 230 569 268 Lollii
585 233 624 268 et
653 229 786 279 Lepidi
827 233 1034 266 metrorum
1066 230 1213 279 legibus
1243 230 1392 268 facilius
1421 219 1770 273 accommodentur,
1785 232 1818 275 ⁴)
1848 234 2013 268 caveant
2044 242 2094 268 ne
2125 232 2278 281 ingenio
2308 229 2444 314 poetae
2471 214 2523 273 in
2543 250 2545 253 ·
2663 230 2673 237 ‘

252 294 465 344 pangendis
498 295 669 333 versibus
698 299 777 332 tam
807 293 987 343 pusillam
1017 306 1097 332 rem
1127 295 1294 332 curantis
1323 295 1500 344 quamvis
1530 294 1639 332 inviti
1667 294 1884 332 obtrectare
1912 294 2125 333 videantur.

458 360 559 408 Quid
589 359 743 398 tandem
773 364 889 409 poeta
916 365 996 398 toto
1028 361 1113 405 hoe,
1145 372 1258 410 quem
1292 365 1579 410 pertractamus,
1610 360 1696 398 loco
1725 360 1797 398 sibi
1829 359 1973 398 voluit⁹
2019 358 2169 410 Nempe
2197 362 2290 400 nihil
2309 362 2415 407 wliud
2434 353 2511 416 egit
2532 348 2557 363 Α

256 428 326 464 nisi
359 431 399 464 ut
428 427 566 465 librum
595 438 706 463 suum
731 427 941 463 emissurus
971 439 1053 470 eos,
1091 427 1155 475 qui
1187 426 1373 476 legerent,
1409 427 1457 464 de
1485 439 1526 464 se
1555 427 1637 476 ipso
1667 437 1811 474 suaque
1848 426 1928 462 vita
1956 425 2099 462 faceret
2128 428 2319 465 certiores.
2378 429 2510 480 Itaque

255 496 408 541 praeter
435 492 530 529 alias
559 503 620 528 res
649 503 695 528 eo
727 492 974 541 pertinentes,
1006 504 1053 528 ne
1082 492 1131 528 de
1160 496 1283 529 aetate
1312 505 1379 529 sua
1409 493 1492 542 quis
1523 492 1727 535 celaretur,
1768 491 1863 528 dixit
1882 503 1923 527 se
1942 502 2043 528 anno
2071 490 2146 528 733
2178 499 2311 542 quater
2338 495 2509 533 undenos

255 568 377 594 annos
405 557 638 605 implevisse.
699 556 806 602 Quae
836 556 954 594 verba
985 557 1055 593 nisi
1085 557 1343 606 significarent
1364 561 1513 605 poetam
1534 568 1579 594 eo
1610 558 1692 605 ipso
1712 560 1896 605 tempore,
1928 568 2013 592 cum
2034 556 2109 593 hoc
2137 559 2330 603 scriberet,
2351 560 2511 609 quadra·

254 623 360 671 ginta
388 625 569 670 quattuor
596 634 717 659 annos
747 622 952 671 peregisse,
984 634 1059 658 non
1090 623 1212 660 solum
1244 636 1266 660 a
1295 624 1408 660 totius
1439 623 1514 659 loci
1536 622 1721 659 sententia
1750 621 1814 658 sed
1846 622 1958 658 etiam
1989 634 2012 658 a
2032 624 2223 659 communi
2252 624 2509 673 intellegentia

255 686 369 735 plane
397 686 656 724 abhorrerent.
718 685 813 732 Quis
844 687 945 723 enim
977 692 1049 730 est,
1091 688 1153 734 qui
1187 688 1439 736 interrogatus
1480 688 1527 722 de
1556 691 1681 723 aetate
1719 699 1785 722 sua
1818 687 2043 735 respondeat
2075 698 2115 723 se
2144 687 2351 735 aliquando
2380 691 2506 727 nescio

256 756 348 799 quot
387 752 495 788 annis
534 752 640 799 prius
685 751 938 800 quadraginta
983 755 1161 798 quattuor
1199 763 1319 787 annos
1359 752 1505 800 egisse?
1581 751 1778 788 Eiusmodi
1818 752 2011 800 quaesitae
2050 752 2230 800 ambages
2272 753 2507 802 artificiaque

254 816 487 852 alienissima
516 820 604 852 sunt
632 827 655 851 a
683 815 848 863 simplici
879 820 915 852 et
943 816 1134 859 dilucid0,
1176 828 1252 863 quo
1282 816 1458 853 Horatius
1489 818 1525 852 in
1556 815 1727 864 epistulis
1757 817 1890 860 utitur,
1930 816 2081 853 dicendi
2111 829 2260 866 genere.
2317 817 2505 855 mittamus

250 881 365 929 igitur
386 892 506 930 nugas
532 880 618 917 illas
639 892 821 929 perversa
841 881 1048 929 sagacitate
1087 887 1188 916 ortas
1220 885 1253 916 et
1286 881 1558 917 constituamus
1588 880 1790 929 epistulam
1821 881 2042 917 vicesimam
2073 882 2169 917 inter
2197 884 2375 918 octavum
2405 883 2504 919 diem

251 946 503 983 Decembrem
534 946 622 982 anni
655 944 731 981 733
764 950 800 981 et
830 945 992 982 eundem
1024 945 1123 981 diem
1156 946 1244 981 anni
1278 943 1353 980 734
1386 946 1565 992 scriptam
1597 958 1678 981 esse
1708 946 1755 981 ab
1785 945 1941 981 Horatio
1972 946 2303 994 quadragesimum
2335 947 2504 994 quintum

251 1023 396 1047 annum
427 1015 575 1060 agente.

451 1077 576 1114 Isdem
598 1078 781 1124 temporis
812 1077 919 1125 quasi
951 1076 1134 1112 cancellis
1166 1076 1281 1112 editio
1312 1076 1425 1112 totius
1453 1075 1537 1112 libri
1568 1074 1815 1122 epistularum
1846 1074 2192 1112 circumscribenda
2222 1080 2288 1118 est,
2320 1076 2388 1112 nisi
2410 1076 2505 1113 forte

252 1142 454 1179 Kirchneri
475 1142 685 1179 sententiae
705 1141 951 1186 assentiris,⁵)
983 1154 1057 1189 qua
1079 1145 1184 1189 putat
1205 1141 1376 1190 eclogam
1400 1140 1472 1176 XX
1502 1151 1576 1176 non
1603 1139 1850 1188 epistularum
1876 1139 1941 1176 sed
1962 1139 2113 1188 epodon
2134 1139 2308 1189 syllogae
2329 1141 2503 1177 comitem

252 1208 380 1244 datam
402 1219 494 1245 esse.
537 1207 589 1243 At
605 1218 730 1255 neque
752 1210 912 1244 metrum
930 1206 1166 1254 dactylicum
1188 1207 1232 1243 iis
1254 1206 1430 1243 convenit
1453 1216 1576 1254 neque
1598 1205 1780 1243 credibile
1800 1209 1854 1242 est
1872 1209 2023 1253 poetam
2043 1205 2189 1242 iambos
2204 1209 2260 1242 tot
2279 1207 2385 1242 annis
2407 1210 2504 1255 post-

252 1285 365 1320 quam
397 1274 611 1320 scripsisset
642 1273 807 1309 edidisse
839 1284 961 1319 neque
984 1271 1152 1319 intellegi
1176 1276 1312 1318 potest,
1345 1284 1412 1306 cur
1433 1284 1562 1306 versus
1584 1271 1669 1306 illos
1691 1283 1765 1306 non
1786 1272 1858 1317 ipsi
1883 1271 2033 1318 epodon
2060 1271 2126 1305 sed
2148 1271 2236 1306 huie
2257 1272 2500 1318 epistularum

252 1336 350 1374 libro
381 1336 582 1373 addiderit.
644 1336 778 1385 Neque
814 1337 913 1373 enim
955 1336 1112 1374 dubium
1143 1339 1215 1379 est,
1259 1337 1349 1383 quin
1382 1340 1493 1383 poeta
1523 1336 1619 1373 hanc
1649 1334 1851 1384 epistulam
1891 1347 1961 1372 nec
1995 1335 2042 1371 ad
2075 1335 2264 1383 quendam
2293 1335 2499 1372 amicorum

250 1414 319 1440 nec
350 1401 398 1439 ad
430 1401 569 1441 librum
600 1413 722 1446 suum,
765 1405 803 1438 ut
835 1401 954 1450 lingit,
996 1401 1061 1439 sed
1092 1401 1139 1439 ad
1172 1401 1333 1440 lectores
1362 1402 1565 1451 scripserit.
1635 1400 1745 1448 Quod
1777 1402 1807 1438 si
1838 1413 1915 1446 eos,
1948 1402 2012 1450 qui
2042 1400 2189 1439 iambos
2218 1400 2351 1438 lecturi
2381 1405 2500 1445 erant,

249 1468 395 1515 alloqui
420 1467 614 1510 voluisset,
646 1468 717 1514 ipsi
738 1467 889 1514 epodon
922 1466 1019 1502 libro
1050 1467 1213 1514 epistula
1243 1468 1308 1502 fuit
1343 1468 1560 1514 inserenda;
1591 1468 1770 1514 quoniam
1802 1469 1837 1503 in
1869 1468 2115 1515 epistularum
2146 1468 2242 1503 libro
2267 1479 2355 1502 eam
2386 1467 2502 1502 collo·

250 1536 353 1570 cavit
381 1539 499 1582 atque
530 1539 763 1581 postremum
793 1535 826 1570 ei
858 1533 1001 1582 epilogi
1034 1535 1159 1570 locum
1191 1534 1307 1577 dedit,
1338 1534 1419 1570 fieri
1452 1546 1526 1570 non
1558 1535 1690 1581 potuit,
1723 1536 1811 1582 quin
1834 1546 1966 1571 omnes
1987 1535 2147 1570 lectores
2177 1532 2224 1569 ad
2246 1533 2345 1569 hun<-
2367 1532 2505 1579 epistu-

248 1599 372 1636 larum
404 1599 541 1637 librum
572 1611 655 1638 eam
686 1600 875 1647 pertinere
906 1600 1177 1637 existimarent.

452 1663 593 1698 Verum
623 1664 670 1698 ad
702 1663 808 1698 illam
849 1665 1071 1698 sententiam
1104 1664 1337 1699 Kirehnerus
1377 1664 1481 1698 nulla
1521 1663 1596 1698 alia
1636 1663 1822 1697 adductus
1862 1667 1916 1698 est
1958 1675 2072 1698 causa
2108 1663 2176 1697 nisi
2218 1661 2318 1709 quod
2355 1665 2390 1695 et
2421 1661 2434 1695 1
2466 1666 2502 1695 et

247 1729 340 1765 XIII
380 1729 562 1775 epistulas
603 1734 686 1775 post
727 1741 868 1764 annum
913 1728 989 1764 734
1031 1731 1192 1776 scriptas
1233 1743 1315 1766 esse
1354 1730 1542 1775 opinatur.
1610 1728 1762 1765 Falsum
1799 1733 1924 1765 autem
1964 1729 2001 1765 id
2036 1742 2118 1765 esse
2156 1728 2272 1776 paulo
2302 1728 2400 1764 infra
2430 1727 2499 1763 hoc

247 1793 380 1831 libello
412 1806 471 1830 me
500 1781 847 1831 demonstraturum
878 1805 1000 1841 spero.
1062 1792 1194 1841 Itaque
1226 1793 1286 1830 ubi
1318 1792 1422 1830 illam
1454 1805 1566 1841 quam
1588 1792 1777 1830 dialectici
1808 1793 1939 1830 dicunt
1958 1794 2210 1842 sumptionem
2240 1792 2499 1836 averterimus,

252 1858 537 1894 conclusionem
568 1860 691 1906 ipsam
722 1870 876 1906 quoque
906 1857 1023 1893 dilabi
1056 1870 1211 1893 necesse
1242 1858 1309 1893 erit
1332 1869 1455 1904 neque
1476 1858 1683 1904 quidquam
1714 1870 1782 1893 nos
1813 1858 2005 1906 impediet,
2036 1859 2236 1905 quominus
2258 1859 2354 1893 inter
2374 1858 2408 1892 d.
2435 1857 2498 1892 Vl.

250 1925 304 1959 Id.
338 1925 428 1960 Dec.
463 1924 539 1960 733
572 1929 609 1961 et
638 1925 801 1961 eundem
830 1926 930 1960 diem
963 1927 1230 1972 consequentis
1260 1925 1349 1960 anni
1378 1928 1497 1960 totum
1528 1925 1775 1972 epistularum
1817 1926 1953 1963 librum
1989 1926 2131 1961 editum
2171 1937 2252 1961 esse
2281 1928 2498 1961 statuamus.

449 1987 545 2027 Cum
576 1988 759 2027 vicesima
789 2000 903 2040 quam
934 1989 1253 2040 pertractavimus
1282 1988 1447 2040 epistula
1477 2000 1705 2040 componere
1726 1988 1815 2028 licet
1833 1990 1982 2030 tertiam
2004 1989 2204 2036 decimam,
2231 1999 2306 2039 qua
2324 1987 2501 2027 Horatius

248 2055 433 2091 Vinnium
465 2056 663 2091 volumina
692 2056 880 2105 quaedam
911 2057 1122 2092 carminum
1153 2057 1201 2093 ad
1224 2057 1438 2108 Augustum
1469 2057 1635 2106 perferre
1655 2057 1768 2093 iubet.
1829 2057 1936 2103 Quae
1956 2057 2153 2093 volumina
2177 2067 2301 2106 neque
2320 2055 2499 2105 epistulas

248 2124 350 2168 ipsas
381 2135 506 2169 neque
545 2124 680 2158 satiras
709 2123 775 2158 sed
805 2126 882 2158 tres
913 2125 1058 2169 priores
1098 2125 1257 2160 odarum
1298 2124 1415 2161 libros
1446 2125 1675 2159 continuisse
1705 2123 1833 2159 multis
1872 2124 1985 2159 rebus
2015 2124 2294 2169 comprobatur.
2354 2121 2501 2157 Etenim

249 2187 297 2224 de
327 2187 401 2224 hoc
440 2187 525 2235 ipso
567 2187 814 2235 epistularum
848 2187 944 2226 libro
975 2190 1178 2237 quominus
1208 2188 1406 2228 Horatium
1438 2189 1540 2237 loqui
1571 2190 1824 2238 suspicemur,
1866 2202 1952 2227 cum
1981 2189 2142 2239 pluralis
2172 2201 2348 2227 numerus
2362 2189 2395 2233 ⁶)
2424 2191 2501 2224 tum

247 2255 464 2300 temporum
496 2252 593 2289 ratio
624 2252 786 2290 obstant.
851 2252 948 2291 Nam
992 2255 1172 2302 quoniam
1214 2267 1280 2303 per
1318 2258 1438 2291 totum
1478 2267 1564 2292 eum
1603 2266 1743 2292 annum
1786 2255 1894 2300 (Dec.
1936 2253 2096 2302 7335‘4),
2140 2265 2215 2302 quo
2254 2252 2499 2302 epistularum

249 2317 389 2355 librum
420 2318 564 2355 editum
594 2332 676 2355 esse
706 2320 1064 2365 demonstravimus,
1088 2321 1283 2370 Augustus
1314 2321 1351 2356 in
1382 2320 1475 2356 Asia
1506 2323 1760 2356 commoratus
1790 2324 1859 2363 est,
1890 2320 2033 2355 Vinnio
2064 2319 2155 2354 illuc
2185 2317 2502 2366 proficiscendum

246 2383 335 2430 fuit3
376 2389 453 2420 tam
485 2384 641 2434 longum
671 2389 798 2422 autem
828 2386 874 2423 ad
906 2387 977 2423 iter
1007 2386 1207 2435 epistulam
1238 2386 1379 2424 referre
1409 2387 1539 2422 iocoso
1570 2385 1775 2435 lepidoque
1811 2388 1892 2424 eius
1926 2398 2099 2423 sermone
2130 2384 2384 2433 prohibemur.
2444 2383 2502 2419 Ae

248 2462 295 2486 ne
316 2450 441 2486 satiris
463 2450 618 2498 quidem
638 2451 799 2500 pluralis
822 2465 999 2489 numerus
1021 2453 1215 2495 convenit,
1237 2453 1328 2500 quia
1347 2452 1443 2488 duos
1463 2452 1663 2488 satirarum
1685 2451 1801 2489 libros
1822 2464 1896 2489 non
1919 2464 1993 2489 uno
2014 2452 2227 2499 eodemque
2245 2454 2416 2498 tempore
2434 2448 2500 2485 sed

247 2515 453 2562 separatim
475 2516 598 2564 spatio
620 2516 785 2564 quodam
810 2518 1006 2554 interiecto
1027 2517 1149 2553 editos
1170 2529 1252 2554 esse
1274 2517 1371 2553 inter
1391 2516 1525 2553 doctos
1548 2517 1651 2553 viros
1672 2521 1835 2564 constat,
1852 2519 1883 2563 ⁷)
1910 2517 2008 2553 adde
2038 2517 2137 2565 quod
2160 2515 2328 2563 intellegi
2360 2514 2501 2561 nequit,

448 2635 477 2672 3)
502 2635 806 2678 Dillenburger
823 2638 854 2667 in
874 2637 1021 2668 editione
1039 2646 1100 2668 sua
1116 2636 1158 2667 ad
1177 2636 1207 2666 h.
1227 2635 1265 2674 l.3
1291 2635 1485 2673 Duntzer,
1511 2635 1625 2667 Kritik
1649 2636 1709 2669 des
1725 2637 1843 2673 Horaz,
1867 2636 1898 2668 3.
1914 2647 1946 2679 p.
1964 2636 2015 2669 68.
2043 2656 2081 2659 -
2109 2637 2137 2675 ⁴)
2161 2634 2316 2674 Christ,
2340 2634 2500 2665 fastorum

246 2690 510 2722 normanorum
540 2692 705 2732 epici-isis.
759 2691 928 2722 Monacliii
959 2690 1054 2722 1877.
1086 2702 1116 2733 p.
1147 2690 1200 2722 22.
1233 2709 1272 2713 —
1304 2692 1332 2728 ὅ)
1364 2690 1588 2728 Quaestiones
1618 2690 1829 2723 Horatianae.
1882 2691 2075 2733 Numburgi
2107 2689 2201 2721 1834.
2231 2700 2261 2730 p.
2292 2687 2335 2719 36
2358 2696 2430 2727 sqq·
2462 2704 2501 2709 —-

247 2741 277 2782 ε)
303 2743 486 2775 Volumina
509 2755 540 2774 v.
557 2743 589 2784 3,
613 2744 745 2777 libellis
769 2756 799 2775 v.
817 2745 849 2783 4,
874 2744 1075 2777 fasciculum
1099 2745 1265 2777 librorum
1290 2756 1320 2775 v.
1340 2743 1390 2775 13.
1419 2762 1457 2766 —
1485 2746 1513 2782 ⁷)
1538 2743 1710 2782 Franks,
1736 2747 1811 2778 fasti
1829 2746 2002 2778 Horatiani
2027 2755 2057 2787 p.
2075 2744 2206 2785 350qq.
2233 2761 2272 2765 -
2297 2742 2338 2773 A·
2362 2741 2501 2773 Κὶθθθ·

247 2797 351 2840 ling,
377 2797 415 2837 Q.
442 2797 602 2831 Horatius
627 2799 776 2832 Flaccus.
805 2799 840 2830 ll.
867 2809 897 2841 p.
925 2800 963 2830 X.
990 2809 1062 2841 sqq.
