2673 3134
61 115 198 164 une
195 85 340 144 §nim
350 77 605 148 735'Jssba
609 107 762 147 ouant.
802 103 902 151 Quid
926 103 1077 157 multa?
1120 108 1255 143 contra
1281 97 1456 144 Ribbeck
1470 106 1521 150 ²¹)
1551 104 1739 141 contendo
1772 115 1924 141 versum
1955 102 2064 140 illum
2094 115 2170 140 non
2198 104 2363 149 obstare,

0 173 26 208 ,ἲ
63 167 317 227 ⁴⁴4¹quomfnus
342 167 549 231 epistulam
571 167 654 207 ΧΠ
680 180 714 206 a.
749 166 832 205 734
853 169 1036 219 scriptam
1065 181 1149 213 esse
1178 169 1400 208 iudicemus.

307 233 393 290 Cui
406 226 533 275 autem
569 232 700 274 huius
711 234 801 273 anni
841 234 939 285 parti
968 234 1213 283 ascribenda
1222 236 1287 281 sit,
1327 236 1542 274 accuratius
1583 235 1847 285 indagantibus
1885 235 2056 273 subsidio
2092 234 2201 271 nobis
2233 245 2366 270 versus

55 352 57 354 Ι
108 301 268 361 ‚fflfillwss
296 305 407 345 esset,
439 301 510 336 nisi
536 300 655 337 lectio
686 304 785 337 esset
813 295 1212 349 ambigua.Eteni1n
1238 304 1271 337 si
1304 303 1398 351 legis

1175 379 1281 403 aurea
1303 372 1426 413 sruyes

640 431 763 468 Italiae
791 432 892 479 pleno
922 431 1120 479 defundit
1149 430 1257 481 Copia
1288 444 1404 473 cornu.

85 539 88 540 ⁷
112 502 406 536 consentaneum
437 503 491 534 est
522 510 605 535 eam
635 498 718 546 ipso
748 497 880 533 messis
909 501 1081 545 tempore
1110 498 1289 546 scriptam
1321 510 1418 540 esse,
1449 500 1505 534 sin
1538 499 1630 548 legis
1660 501 1862 547 defudit.
1904 504 1987 546 post
2021 510 2179 534 messem
2211 499 2362 540 factam,

112 562 303 608 Quoniam
331 563 558 607 diiudicare,
600 567 684 600 utra
713 563 826 599 lectio
856 575 1037 611 germana
1066 564 1130 607 sit,
1171 564 1265 601 fines
1295 565 1518 613 provinciae
1555 568 1703 600 nostrae
1734 564 1941 612 egreditur.
1983 575 2200 611 quanquam
2233 563 2366 599 Keller

111 627 217 676 defu
231 628 296 664 dit
325 629 481 677 recepit,
512 628 678 677 priorem
707 627 826 672 illam,
857 639 971 677 quam
1001 639 1133 666 omnes
1158 628 1349 666 Blandinii
1368 630 1580 678 perhibent-
1613 641 1697 665 cum
1722 628 1911 677 plerisque
1931 628 2140 665 editoribus
2161 639 2365 675 sequamur

111 697 148 729 et
177 693 377 742 epistulam
406 697 575 730 nostram
605 693 757 729 circiter
785 693 911 730 medio
939 705 1041 729 anno
1073 691 1149 730 734
1181 695 1434 743 conscriptam
1465 708 1547 732 esse
1577 698 1797 731 statuamus.

306 758 447 796 Similis
469 759 673 797 lectionum
702 759 957 808 discrepantia·
986 759 1095 796 nobis
1125 759 1292 795 occurrit
1311 758 1644 795 duodevicesima-e
1664 756 1850 804 epistulae
1871 763 2019 803 tempus
2041 757 2358 803 computantibus.
2408 769 2457 799 sp.
2477 769 2568 795 xvm

110 823 208 860 Nam
240 836 325 860 cum
356 824 563 872 pleraeque
593 824 838 860 membranae
868 836 999 859 versus
1031 822 1080 859 56
1111 829 1148 859 et
1180 823 1228 859 57
1260 824 1310 860 ita
1340 824 1540 860 exhibeant

646 889 708 924 sub
739 889 833 935 duce,
866 891 922 936 qui
949 890 1082 936 templis
1113 888 1319 925 Parthorum
1348 892 1448 935 siyna
1476 890 1584 935 reflui(

643 967 741 1000 nunc,
773 959 804 990 e!
832 957 862 990 si
891 955 972 1002 qaid
999 954 1103 991 abest.
1137 955 1235 990 Italis
1264 955 1438 991 adiudicat
1468 957 1586 1000 armis,

109 1025 234 1058 tamen
265 1033 339 1057 non
370 1021 502 1057 desunt
535 1020 633 1060 libri,
664 1021 702 1056 in
732 1021 867 1068 quibus
898 1020 1045 1069 legatur
1082 1021 1322 1068 praeteritum
1353 1026 1501 1069 tempus
1543 1024 1720 1066 resia-it.
1791 1022 1901 1066 Quod
1942 1022 1972 1057 si
2012 1022 2218 1069 genuinum
2250 1028 2360 1063 esset,

109 1086 191 1124 fieri
222 1098 296 1124 non
327 1090 460 1135 potest.
493 1086 584 1134 quin
614 1085 814 1134 epistulam
846 1084 975 1122 XVIII
1006 1091 1090 1133 post
1119 1098 1152 1124 a.
1190 1084 1266 1122 7311
1298 1098 1537 1134 poneremus.
1570 1086 1605 1123 id
1637 1087 1735 1135 quod
1768 1092 1994 1136 repugnaret
2026 1087 2092 1129 eis,
2125 1097 2224 1134 quae
2255 1087 2359 1122 initio

105 1151 158 1190 de
189 1152 369 1190 vicesima
400 1151 563 1202 epistula
593 1151 848 1189 disseruimus.
908 1150 981 1188 Sed
1012 1163 1099 1187 cum
1130 1151 1218 1187 huic
1248 1150 1402 1188 lectioni
1434 1162 1508 1187 non
1539 1151 1660 1188 solum
1693 1151 1859 1187 melioris
1891 1158 2002 1188 not-ae
2033 1151 2186 1188 codices
2228 1163 2358 1187 verum

109 1217 224 1253 etiam
254 1217 349 1253 ratio
379 1217 620 1259 adversetur,
662 1216 762 1264 quod
794 1217 977 1254 adverbio
1009 1217 1117 1265 stunc*
1148 1228 1326 1265 praesens
1357 1222 1504 1264 tempus
1535 1217 1754 1263 requiritur,
1797 1218 1931 1252 reiecta
1965 1217 2036 1252 hac
2067 1228 2153 1252 cum
2183 1218 2360 1253 omnibus

109 1287 194 1331 post
223 1283 453 1336 Bentleium,
494 1288 676 1331 quantum
706 1284 803 1326 seio,
845 1284 1051 1321 editoribus
1081 1284 1238 1320 altera-m
1270 1283 1374 1319 illam
1406 1284 1594 1331 praeferre
1625 1295 1779 1319 necesse
1809 1290 1874 1318 est.
1935 1283 2042 1327 Quae
2073 1295 2158 1318 cum
2190 1284 2241 1319 ita
2273 1284 2357 1319 sint.

110 1350 221 1397 etiam
253 1349 351 1385 hanc·
381 1348 584 1396 epistulam
614 1361 714 1385 anno
746 1347 822 1385 734
852 1353 975 1387 ortam
1006 1361 1089 1386 esse
1120 1353 1231 1397 patet.
1292 1349 1333 1385 In
1363 1349 1531 1386 eiusdem
1561 1348 1745 1396 epistulae
1778 1361 1886 1384 versu
1923 1347 1996 1383 105
2028 1355 2100 1387 est:

645 1425 742 1462 quem
772 1413 936 1451 Mandela
965 1414 1045 1451 bibit
1074 1427 1219 1463 ruyosus
1238 1417 1373 1463 ι[νέμοι-ε
1398 1426 1523 1463 payns.

109 1480 229 1528 Atqui
258 1480 402 1516 Horatii
433 1479 594 1515 Sabinos
634 1492 709 1516 non
740 1492 808 1528 per
837 1486 954 1517 totum
996 1492 1137 1516 aunum
1168 1481 1323 1528 frigidos
1362 1481 1476 1515 fuisse
1507 1491 1591 1513 cum
1623 1480 1841 1525 temperiem
1874 1479 2004 1513 Italiae
2040 1480 2260 1526 respicienti
2292 1492 2359 1525 per

109 1558 150 1580 se
172 1538 252 1581 reri
272 1544 395 1581 simile
414 1549 471 1581 est
490 1548 567 1581 tum
590 1545 671 1593 ipse
693 1550 806 1593 poeta
825 1551 993 1583 testatur.
1011 1548 1061 1591 ²²)
1119 1544 1192 1591 Qui
1214 1545 1329 1594 igitur
1358 1545 1439 1582 tieri
1462 1545 1593 1593 potuit.v
1627 1551 1663 1581 ut
1686 1552 1798 1593 poeta
1828 1545 1898 1582 hoc
1927 1544 2013 1582 loco
2035 1545 2152 1594 frigus
2172 1544 2279 1582 fundi
2301 1545 2356 1581 sui

109 1610 216 1658 quasi
238 1610 558 1659 conquereretur?
587 1609 725 1649 Nonne
745 1611 898 1650 hiemali
917 1616 1089 1662 tempore
1118 1610 1320 1661 epistulam
1349 1611 1597 1660 compositam
1628 1622 1710 1648 esse
1732 1611 1817 1648 hinc
1849 1611 2024 1648 conicere
2045 1610 2158 1649 licet?
2200 1611 2357 1648 Ineunte

110 1688 158 1715 an
188 1679 350 1714 exeunte
379 1688 411 1712 a.
447 1675 542 1720 734,
584 1676 742 1714 difficile
771 1682 827 1715 est
856 1678 1080 1715 diiudicatu:
1121 1679 1152 1714 si
1181 1678 1276 1715 illud
1307 1677 1514 1725 praeterae.
1552 1681 1708 1724 quaerat
1737 1677 1942 1724 quispiam.
1979 1677 2125 1712 etiamsi
2156 1676 2356 1712 Crassiana

110 1744 217 1792 signa
247 1744 391 1791 primis,
408 1744 517 1779 huius
547 1744 635 1780 anni
666 1745 859 1782 mensibus
890 1745 1038 1782 reddita
1058 1746 1143 1790 sint,
1176 1745 1212 1782 id
1243 1745 1345 1792 quod
1366 1756 1434 1792 pro
1456 1749 1559 1781 certo
1580 1743 1773 1791 explorari
1799 1743 1941 1789 nequit,
1973 1755 2060 1778 num
2081 1747 2159 1778 tam
2181 1741 2357 1778 celeriter

111 1808 263 1845 nuntius
292 1808 403 1845 huius
433 1808 486 1845 rei
516 1807 677 1846 Romam
707 1810 873 1859 potuerit
901 1809 1038 1847 afferri.
1109 1810 1193 1857 Qua
1223 1811 1269 1848 de
1301 1823 1413 1847 causa
1444 1809 1643 1857 epistulam
1666 1808 1795 1846 XVIII
1825 1808 2000 1857 equidem
2029 1811 2195 1845 statuere
2225 1807 2353 1844 malim

111 1874 179 1911 sub
210 1873 323 1910 finem
353 1887 386 1910 a.
422 1873 498 1910 734
530 1876 786 1924 conscriptam
817 1888 910 1914 esse.

309 1939 394 1985 Quo
423 1943 595 1988 tempore
626 1941 820 1990 Augustus
849 1943 930 1990 ipse
960 1943 997 1979 in
1027 1942 1135 1990 Syria
1167 1949 1258 1979 erat.
1290 1943 1422 1979 eodem
1454 1942 1645 1979 Tiberium
1679 1943 1780 1979 iussu
1814 1943 1935 1977 vitrici
1965 1942 2170 1978 Armeniae
2200 1953 2357 1989 reguum
2377 1947 2517 1979 xpp-111.
2536 1949 2612 1975 m

110 2002 262 2052 Tigrani
292 2002 493 2040 tradidisse
533 2008 567 2039 et
599 2016 619 2040 e
649 2009 893 2043 monumento
924 2007 1131 2055 Ancyrano
1161 2011 1198 2044 et
1226 2019 1247 2043 e
1276 2007 1402 2043 multis
1447 2019 1542 2055 quos
1581 2012 1688 2043 antea
1730 2007 1894 2043 diximus
1939 2006 2186 2054 scriptoribus
2218 2005 2353 2041 elucet.
2465 1991 2514 2017 κ

110 2068 172 2105 Ad
193 2068 291 2105 hanc
313 2068 595 2118 expeditionem
614 2070 764 2107 tertiam
784 2071 984 2120 epistulam
1005 2075 1179 2121 spectare
1198 2072 1436 2110 manifestum
1457 2078 1523 2110 est.
1575 2072 1606 2109 E
1629 2085 1738 2109 versu
1764 2072 1810 2108 15
1842 2072 1952 2108 huius
1982 2071 2167 2120 epistulae
2198 2083 2355 2119 cognos-

112 2133 231 2168 cimus
251 2135 288 2170 in
310 2135 466 2171 cohorte
482 2147 596 2183 quam
612 2135 787 2172 Tiberius
808 2147 936 2172 secum
958 2137 1122 2174 ducebat
1142 2137 1326 2174 nobilium
1346 2139 1622 2185 doctorumque
1643 2140 1821 2174 iuvenum
1838 2138 1989 2173 Celsum
2012 2137 2199 2184 quendam
2223 2137 2353 2171 fuisse:

111 2198 158 2235 ad
190 2210 301 2247 quem
332 2199 420 2236 data
450 2203 505 2236 est
534 2212 592 2249 ep.
626 2199 730 2244 VIII,
762 2212 874 2249 quam
906 2202 964 2238 his
994 2202 1120 2239 verbis
1150 2205 1262 2251 poeta
1293 2202 1457 2239 orditur:

643 2267 740 2305 Celso
766 2269 918 2315 ‚qaudere
947 2274 978 2306 et
1007 2269 1088 2307 bene
1117 2281 1188 2306 rem
1213 2282 1333 2318 yerere
1364 2270 1573 2306 Albinovano

642 2334 747 2370 Musa
778 2340 898 2382 roqata
927 2338 1018 2384 refer
1047 2339 1158 2371 comiti
1186 2336 1385 2383 scribaeque
1415 2336 1573 2371 Neronis.

313 2398 426 2435 Adde
456 2399 530 2435 huc
562 2412 597 2435 v.
635 2399 700 2436 14:
973 2396 975 2398 ¹

311 2461 319 2464 χ
444 2480 448 2483 ’
647 2466 689 2501 U!
713 2468 852 2512 placeat
879 2469 988 2502 iuveni
1015 2474 1219 2513 percontare
1250 2474 1349 2515 alque
1379 2470 1515 2503 cohorti.

310 2528 417 2575 Quae
447 2542 534 2568 cum
564 2531 615 2567 ita-
644 2532 729 2572 sint,
761 2532 923 2570 dubitari
954 2546 1028 2569 non
1060 2540 1193 2581 potest.
1226 2535 1316 2581 quin
1346 2535 1425 2581 ipsa
1457 2546 1607 2580 quoque
1639 2541 1773 2568 octava
1805 2533 1966 2580 epistula
1989 2534 2122 2570 eodem
2144 2533 2221 2569 sere
2252 2534 2356 2570 illius

113 2592 368 2638 expeditionis
397 2598 570 2643 tempore
599 2597 738 2644 scripta
771 2598 828 2632 sit.

2310 2707 2327 2715 a

311 2751 355 2790 ²¹)
379 2751 447 2783 Des
471 2751 630 2787 Horatius
646 2751 798 2793 Episteln
822 2753 890 2784 und
917 2753 1010 2784 Buch
1034 2763 1100 2791 von
1125 2753 1186 2784 der
1210 2751 1379 2793 Dichtung
1402 2762 1431 2792 p.
1456 2751 1499 2782 86
1523 2757 1555 2783 et
1578 2750 1629 2782 88.
1657 2771 1694 2774 —-
1722 2752 1766 2790 ῃ)
1790 2762 1840 2792 ep.
1867 2751 1888 2785 Ι,
1908 2750 1958 2790 16„
1975 2750 1996 2783 6
2011 2761 2090 2793 sqq;
2114 2756 2174 2784 nat.
2195 2752 2232 2785 11.
2255 2752 2287 2786 3,
2306 2752 2355 2785 10.
