2673 3134
0 0 30 20 ,ῃ
96 0 119 16 a

0 53 90 93 ³24³*

25 117 85 152 ¹5--

129 0 203 18 73,

102 19 104 21 .
160 21 165 24 ,
242 0 372 23 -M‘z'e

0 15 61 62 W·
89 26 186 61 ''vass
222 38 234 47 ⁴

127 94 214 143 eru}
220 100 421 146 nonnus
430 96 541 148 ’11φο
569 93 743 145 eclogam
763 96 902 140 satiris,
931 108 955 132 a
982 107 1143 146 quorum
1173 108 1312 146 genere
1341 101 1379 133 et
1399 96 1527 133 indole
1547 96 1648 132 haud
1669 97 1722 132 ita
1741 96 1855 145 longe
1874 97 1994 141 abest,
2021 98 2188 136 inserere
2206 99 2385 136 noluerit.

101 155 198 208 'De
218 164 451 206 iamborum
476 174 569 201 vero
598 161 697 199 libro
726 175 748 199 e
774 165 830 199 tot
858 162 1088 200 doctissimis
1126 164 1192 211 qui
1231 163 1331 200 hauc
1369 174 1449 200 rem
1490 163 1761 211 quaesiverunt
1800 164 1892 200 viris
1931 175 1980 201 ne
2018 164 2186 213 cogitare
2215 164 2382 213 quidem,

140 222 321 288 quantum
349 222 444 284 scio,
475 228 676 279 quisquam
705 238 818 264 ausus
848 232 914 264 est.
979 226 1136 265 Restant
1164 227 1322 266 odarum
1353 227 1458 272 libri,
1500 238 1594 276 quas
1623 231 1737 275 poeta
1766 228 1920 277 insuper
1949 227 2142 266 vocabulo
2171 230 2381 267 carminum

139 303 209 346 (v
228 297 299 345 Ι17)
327 295 525 333 manifeste
551 292 756 343 signifieat,
796 304 872 341 quo
903 291 1092 330 vocabulo
1122 292 1286 341 lyricum
1324 305 1443 342 genus
1482 294 1679 330 nominare
1709 298 1746 328 et
1774 294 2010 330 sermonibus
2048 304 2245 342 opponere
2272 295 2380 331 solet

139 365 327 412 Quoniam
357 364 482 399 autem
513 358 723 397 carminum
750 364 828 397 tres
856 360 1003 408 priores
1032 358 1148 397 libros
1186 357 1321 395 eodem
1358 363 1529 407 tempore
1559 358 1697 402 editos,
1738 362 1913 406 quartum
1954 363 2036 407 post
2077 357 2233 408 longum
2271 361 2382 397 inter·

140 429 285 467 vallum
297 430 330 473 ⁸)
361 424 610 474 compositum
642 436 725 461 esse
752 435 863 461 nemo
894 428 1022 474 negat,
1063 425 1250 473 quispiam
1280 424 1444 472 denique
1472 424 1719 464 dubitaverit.
1765 427 1889 459 utrum
1920 424 1967 460 ad
1998 424 2098 460 hunc
2129 423 2302 461 ultimum
2333 438 2381 461 an

136 495 184 531 ad
214 493 302 530 illos
333 492 477 539 priores
512 488 672 537 epist-ula
704 486 795 525 XIII
826 494 982 538 spectet.
1062 490 1179 538 Atqui
1219 491 1344 526 insunt
1383 490 1421 525 in
1462 498 1596 536 quarto
1637 490 1732 526 libro
1764 491 1933 527 camnine
1971 501 2046 526 non
2078 490 2244 536 nullast)
2282 502 2381 540 quae

137 559 331 607 aliquanto
362 560 448 605 post
478 568 510 592 a.
546 553 622 591 734
654 560 733 591 orta
766 558 869 601 sunt,
900 557 1006 592 cuius
1035 560 1122 593 ante
1152 557 1293 592 exitum
1325 556 1461 593 librum
1495 561 1662 591 nostrum
1695 555 1941 603 epistularum
1972 556 2020 593 ab
2050 555 2206 592 Horatio
2237 555 2381 604 publici

136 624 226 661 iuris
255 625 395 660 factum
425 634 507 658 esse
537 620 711 657 vidimus.
771 619 1024 669 Relinquitur²
1056 627 1093 658 ut
1125 627 1199 658 tres
1228 622 1374 669 priores
1406 622 1615 657 carminum
1648 619 1765 656 libros
1797 621 1898 656 iussu
1929 620 2057 657 Flacci
2088 622 2134 657 ad
2168 622 2380 670 Augustum

135 691 315 727 ferentem
347 688 528 725 Vinnium
560 688 631 724 hac
661 686 825 735 epistula
854 699 876 723 a
906 692 1018 735 poeta
1047 699 1129 724 esse
1158 687 1393 724 admonitum
1423 691 1609 736 putemus.

332 754 463 801 Itaque
492 764 567 800 quo
599 752 736 788 certius
767 752 856 799 quid
887 752 934 788 de
963 759 1135 801 tempore
1170 752 1356 801 epistulae
1387 751 1476 787 XIII
1507 752 1797 793 constituamus,
1830 750 2087 798 quaerendum
2119 757 2191 794 est,
2224 754 2377 800 quando

134 825 208 856 tres
237 819 292 855 illi
314 819 523 855 carminum
546 817 630 854 libri
661 817 707 853 ad
740 816 959 854 umbilicum
989 817 1143 854 adducti
1175 822 1210 854 et
1240 817 1329 854 editi
1360 830 1441 854 esse
1474 818 1682 853 videantur.
1741 815 1822 852 Hac
1853 815 1901 852 de
1931 828 1971 851 re
1992 822 2075 864 post
2096 815 2136 851 C.
2160 815 2309 853 Franke
2327 820 2375 863 ¹⁰)

133 897 255 933 nuper
285 883 356 919 Ad.
389 882 582 930 Kiessling
596 884 644 926 ¹¹)
676 882 726 918 ita
755 882 847 930 egit.
888 887 926 917 ut
957 882 1141 920 dubitatio
1172 884 1263 920 mihi
1293 883 1445 931 quidem
1478 883 1650 919 videatur
1680 881 1843 930 relinqui
1876 881 1992 917 nulla.
2063 881 2179 918 Cuius
2211 883 2377 931 vestigiis

133 950 302 985 insistere
323 947 412 982 mihi
436 947 559 983 liceat.
601 946 818 1000 Carminum
850 946 967 984 libros
996 951 1083 984 ante
1113 946 1224 985 finem
1246 962 1278 985 a.
1305 946 1394 985 731.
1427 960 1502 996 quo
1523 960 1621 984 anno
1642 947 1823 984 Claudius
1844 947 2049 983 Marcellus
2080 959 2195 995 gener
2215 948 2376 995 Augusti

134 1019 301 1051 mortuus
331 1019 397 1056 est,
428 1012 550 1048 editos
579 1025 662 1048 esse
683 1025 703 1047 e
725 1026 755 1047 c.
780 1013 807 1056 Ι,
844 1012 890 1048 12
917 1019 1086 1060 apparet.
1138 1015 1198 1049 An
1227 1016 1426 1061 quisquam
1458 1020 1561 1061 putat
1592 1013 1786 1048 Horatium
1816 1018 1892 1049 tam
1923 1016 2109 1061 agrestem
2132 1014 2377 1060 ineptumque

130 1080 256 1117 fnisse.
292 1082 329 1114 ut
364 1090 491 1114 versus
524 1078 593 1113 lios

658 1146 777 1178 cresci!
808 1145 935 1178 occulta
965 1144 1050 1178 celul
1079 1144 1182 1178 arhor
1212 1156 1294 1179 aevo

648 1212 753 1256 samu
783 1208 958 1244 Marcellis

130 1276 290 1324 Augusti
322 1276 463 1311 recenti
485 1275 656 1311 Marcelli
687 1280 806 1311 morte
827 1286 973 1310 summo
1005 1286 1174 1310 maerore
1205 1273 1329 1310 affecti
1360 1274 1482 1309 oculis
1515 1274 1686 1310 subicere
1718 1287 1789 1310 non
1816 1276 2032 1310 vereretur?
2090 1274 2225 1321 Neque
2255 1276 2374 1322 magis

129 1339 309 1377 credibile
349 1343 402 1376 est
433 1339 627 1375 Horatium
670 1340 838 1375 carmina
877 1339 952 1375 duo
983 1339 1028 1375 ad
1061 1338 1099 1374 L.
1132 1338 1315 1375 Licinium
1346 1338 1540 1375 Murenam
1559 1341 1607 1384 ¹²)
1648 1340 1786 1387 scripta
1827 1339 2000 1387 syllogae
2040 1352 2130 1375 suae
2171 1340 2374 1375 inseruisse

128 1410 228 1454 post
259 1404 483 1453 patefactam
513 1403 645 1440 Fannii
677 1402 879 1452 Caepionis
910 1404 1226 1448 coniurationem,
1269 1404 1374 1440 cuius
1411 1404 1599 1452 particeps
1630 1403 1786 1441 Murena
1817 1406 1951 1453 capitis
1980 1405 2182 1442 damnatus
2212 1410 2373 1441 mortem

128 1471 230 1506 obiit.
291 1470 389 1514 Quid
420 1470 543 1505 enini?
574 1474 773 1516 postquam
806 1470 1004 1505 Cornelius
1026 1470 1160 1505 Gallus
1190 1470 1393 1516 elegiarum
1417 1471 1578 1515 scriptor
1599 1470 1803 1504 inimicitiis
1824 1469 2025 1505 Octaviani
2045 1471 2092 1505 ad
2117 1470 2373 1506 voluntariam

128 1540 284 1571 mortem
325 1534 545 1582 compulsus
574 1540 641 1571 est.
683 1546 807 1571 nonne
838 1534 1029 1583 Vergilius
1059 1534 1307 1570 amicissimus
1337 1535 1429 1577 eius,
1470 1534 1534 1581 qui
1564 1546 1650 1570 eum
1680 1540 1813 1581 quarto
1841 1535 2057 1583 Georgicon
2089 1534 2186 1573 libro
2217 1536 2373 1572 summis

126 1600 314 1639 extulerat
343 1599 529 1645 laudibus.
561 1600 657 1637 adeo
687 1600 869 1649 principis
899 1601 1065 1638 animum
1086 1598 1278 1637 offendere
1308 1599 1452 1638 metuit.
1485 1606 1520 1636 ut
1545 1606 1745 1638 retractato
1775 1600 1828 1638 illi
1852 1600 1948 1639 libro
1980 1612 2048 1650 pro
2070 1600 2174 1639 Galli
2197 1601 2373 1640 laudibus

126 1665 269 1715 Orphei
298 1664 464 1702 fabulam
495 1666 687 1702 insereret.
706 1668 755 1710 ¹³)
811 1665 1008 1701 Horatium
1038 1666 1148 1701 aliter
1177 1677 1373 1702 sensurum
1406 1666 1466 1702 vel
1489 1668 1673 1702 iacturum
1696 1669 1823 1704 fuisse.
1856 1668 1885 1702 si
1909 1668 2113 1715 Caepionis
2134 1673 2168 1703 et
2190 1668 2374 1704 Murenae

127 1732 356 1779 conspiratio
387 1735 487 1767 aute
518 1730 719 1767 editionem
752 1732 959 1767 carminum
990 1732 1178 1778 patefacta
1209 1737 1322 1771 esset.
1365 1731 1489 1767 Christ
1506 1735 1553 1777 ¹⁴)
1596 1734 1822 1780 persuadere
1863 1739 2019 1768 conatus
2059 1740 2132 1770 est.
2174 1734 2238 1769 sed
2280 1735 2373 1770 milii

126 1797 277 1845 quidem
308 1808 383 1832 nou
415 1796 610 1843 persuasit.
669 1793 803 1843 Neque
822 1794 965 1832 dubito.
998 1798 1088 1843 quin
1110 1801 1235 1844 poeta.
1267 1808 1342 1843 quo
1364 1801 1442 1833 erat
1463 1798 1589 1833 animo
1611 1797 1794 1834 adversus
1816 1797 2029 1846 Augustum
2052 1803 2091 1834 et
2108 1797 2371 1836 Maecenatem

131 1882 171 1886 -—-
193 1872 278 1897 nam
296 1861 405 1896 huius
422 1871 586 1908 quoque‚
605 1860 748 1909 quippe
762 1855 826 1908 qti't
843 1859 1023 1896 Murenae
1037 1859 1162 1896 affinis
1183 1866 1291 1904 esset⁷
1310 1871 1384 1895 non
1406 1861 1500 1896 nihil
1525 1861 1688 1895 interfuit
1708 1862 1928 1896 memoriam
1952 1861 2055 1896 illius
2071 1872 2186 1908 quam
2203 1863 2369 1909 primum

124 1927 334 1962 oblitterari
361 1948 401 1951 —
428 1927 597 1961 carmina
622 1925 689 1960 illa
708 1927 915 1961 omissurus
935 1928 1056 1962 fuerit.
1107 1926 1217 1970 Quod
1240 1938 1314 1962 non
1336 1928 1471 1961 omisit.
1504 1927 1589 1962 inde
1611 1926 1762 1961 videtur
1791 1926 2045 1974 colligendum
2078 1939 2160 1963 esse
2190 1927 2369 1975 syllogen

125 1992 331 2028 carminum
371 1992 407 2028 in
449 1991 570 2028 lucem
612 1990 801 2039 prodisse‚
842 1991 1060 2039 priusquam
1091 1991 1248 2028 Murena
1287 1992 1324 2028 in
1365 1992 1618 2040 suspicionem
1660 1992 1841 2029 incideret
1872 1995 1906 2028 et
1938 1992 2071 2040 capitis
2113 1992 2367 2030 damnaretur.

124 2056 226 2103 Quas
255 2069 315 2093 res
349 2057 467 2093 factas
497 2068 580 2092 esse
610 2067 683 2091 non
714 2068 746 2091 a.
781 2055 876 2100 732,
918 2061 955 2092 ut
986 2057 1099 2093 refert
1129 2057 1200 2092 Dio
1235 2068 1294 2092 res
1324 2063 1448 2106 gestas
1477 2068 1545 2092 suo
1585 2068 1689 2093 more
1729 2059 1837 2092 nimis
1868 2057 2112 2106 neglegenter
2150 2069 2219 2105 per
2247 2069 2368 2093 annos

124 2122 366 2163 distribuens,
407 2122 472 2157 sed
512 2123 720 2167 posteriore
760 2126 865 2167 parte
905 2136 937 2157 a.
982 2121 1054 2158 731
1089 2123 1282 2169 Kiessling
1320 2136 1368 2158 ex
1403 2124 1507 2158 fastis
1548 2123 1770 2168 Capitolinis
1809 2123 2084 2169 comprobavit.
2105 2126 2154 2167 ¹⁵)
2211 2123 2296 2167 Qua
2325 2136 2368 2159 re

124 2188 368 2226 confirmatur
398 2186 566 2225 carmina
594 2193 681 2225 ante
712 2188 825 2225 tinem
856 2201 888 2225 a.
924 2184 994 2225 731
1030 2186 1077 2225 ad
1110 2187 1321 2238 Augustum
1355 2187 1468 2225 missa
1500 2200 1591 2225 esse.

320 2252 507 2303 Sequitur,
540 2256 579 2290 ut
608 2263 693 2291 eum
722 2253 936 2299 terminum,
976 2257 1061 2303 post
1100 2263 1211 2303 quem
1243 2264 1289 2290 ea
1318 2254 1354 2289 in
1386 2252 1522 2303 vulgus
1550 2253 1686 2289 emissa
1724 2253 1936 2297 videantur,
1977 2258 2140 2289 statuere
2172 2264 2365 2289 conemur.

122 2320 218 2356 Nam
249 2333 296 2356 ne
325 2321 395 2355 hac
426 2320 578 2367 quidem
609 2320 657 2354 de
685 2331 726 2354 re
755 2320 936 2354 indicium
966 2321 1080 2356 deest.
1141 2321 1332 2368 Kiessling
1361 2322 1458 2355 enim
1492 2322 1570 2354 veri
1598 2320 1758 2354 reddidit
1789 2319 2022 2354 simillimum
2046 2331 2198 2355 carmen
2221 2320 2247 2354 1.
2273 2320 2295 2353 4
2317 2320 2366 2355 ad

123 2387 160 2421 L.
193 2386 353 2422 Sestium
384 2386 601 2430 Quirinum,
634 2387 696 2433 qui
728 2384 852 2421 medio
883 2386 960 2421 sere
989 2398 1088 2422 auito
1123 2384 1191 2421 731
1229 2386 1265 2422 in
1299 2385 1461 2433 Augusti
1495 2384 1618 2422 locum
1652 2384 1782 2421 consul
1812 2384 1993 2422 suffectus
2022 2391 2119 2423 erat.
2150 2383 2369 2434 gratulandi

122 2463 236 2488 causa
265 2450 446 2499 scriptum
478 2455 591 2498 atque
621 2449 753 2487 eadem
783 2449 831 2486 de
861 2461 975 2487 causa
1005 2451 1041 2487 iu
1074 2461 1119 2487 eo
1150 2451 1232 2499 ipso
1263 2461 1375 2498 quem
1407 2457 1509 2487 tenet
1540 2448 1741 2499 principali
1768 2453 1803 2486 et
1825 2449 2037 2486 honorifico
2056 2450 2171 2486 totius
2192 2449 2368 2498 syllogae

122 2516 208 2552 loco
239 2529 319 2553 esse
350 2517 524 2593 positum.
585 2515 695 2561 Quod
726 2517 755 2551 si
787 2522 929 2552 rectum
961 2523 1027 2553 est.
1060 2516 1233 2554 efficitur
1264 2523 1301 2552 ut
1334 2517 1505 2552 carmina
1535 2521 1618 2563 post
1649 2515 1685 2551 id
1713 2516 1813 2563 quod
1837 2517 2002 2552 diximus
2021 2521 2171 2563 tempus
2192 2519 2368 2562 putemus

319 2621 346 2660 )
370 2622 459 2655 Suet.
485 2625 555 2656 vita
578 2622 656 2655 Hor.
683 2641 722 2646 ——
748 2626 776 2660 ³)
800 2634 826 2654 e.
845 2622 898 2655 lV.
925 2623 1007 2665 2.,4,
1032 2623 1063 2666 5,
1088 2622 1118 2656 6
1143 2623 1173 2656 9
1200 2623 1248 2657 14
1277 2623 1326 2655 15.
1354 2640 1394 2646 —
1423 2624 1465 2664 ¹⁰)
1488 2622 1765 2663 inutilior-atiani,
1790 2622 1888 2660 c.1v
1912 2633 1943 2664 p.
1960 2622 2001 2655 51
2018 2632 2091 2665 sqq.
2117 2641 2158 2646 -
2186 2624 2229 2663 11)
2252 2623 2367 2655 Philo-

119 2664 271 2714 logische
295 2675 606 2720 Untersuchungen
630 2680 770 2711 zweites
793 2677 879 2711 nea.
920 2689 951 2720 p.
975 2677 1019 2711 49
1041 2688 1113 2720 sqq.
1141 2697 1180 2702 —
1214 2679 1255 2718 ¹²)
1280 2678 1317 2717 Η,
1343 2677 1477 2718 1031n‚
1503 2676 1553 2709 19.
1585 2696 1624 2700 -
1656 2677 1698 2717 ¹³)
1722 2676 1929 2710 Ribbeck
1955 2678 1998 2710 de
2022 2679 2094 2710 vita
2117 2683 2150 2710 et
2172 2680 2309 2721 scriptis
2333 2679 2367 2709 P.

120 2725 262 2770 Vergilii
286 2729 432 2765 Maronis
456 2735 602 2766 narratio
626 2745 657 2776 p
684 2732 802 2766 XXIV.
829 2753 869 2758 —-
898 2734 984 2773 ¹⁴)l
1010 2734 1031 2766 l.
1057 2744 1087 2776 p.
1113 2732 1154 2766 18
1178 2739 1211 2768 et
1235 2733 1284 2767 19
1311 2751 1351 2757 -
1379 2733 1421 2773 ¹⁵)
1445 2732 1466 2765 l·
1492 2730 1645 2775 1415ss-

2091 2790 2135 2819 1«
