2725 2780
206 600 547 660 Horatianae
594 601 792 676 prioris
837 598 959 658 libri
1006 599 1275 677 epistulae
1321 598 1523 677 quihus
1571 597 1919 677 temporibus
1964 600 2309 676 conumsitae

632 694 635 696 ’
1013 715 1138 756 esse
1185 696 1500 756 videantur.

336 869 566 906 Horatiauae
601 870 736 917 prioris
771 870 857 907 libri
893 869 1077 918 epistulae
1112 870 1247 917 quibus
1282 869 1514 917 temporibus
1550 870 1781 917 compositae
1817 882 1899 905 esse
1935 870 2134 906 videantur
2167 871 2235 906 etsi
2265 882 2379 919 saepe

140 948 163 973 a
191 936 319 973 multis
347 935 653 984 doctissimisque
694 937 784 973 viris
813 947 960 973 summo
990 937 1164 973 acumine
1204 937 1415 984 quaesitum
1455 948 1538 973 esse
1579 948 1653 972 non
1684 936 1830 977 nescio,
1873 941 1997 973 tamen
2027 947 2159 972 omnes
2193 947 2314 985 paene
2342 942 2379 974 et

140 1014 185 1037 ea
213 1013 254 1037 re
284 1011 429 1037 errasse
457 1001 549 1037 mihi
579 1001 771 1045 videntur,
813 1002 914 1048 quod
945 1012 1019 1037 non
1049 1012 1134 1036 raro
1164 1001 1281 1036 nimia
1309 1000 1564 1048 investigandi
1598 1000 1804 1048 cupiditate
1832 1000 1994 1042 incensi,
2035 1004 2075 1035 ut
2104 1001 2182 1036 fere
2211 1000 2269 1044 fit,
2309 1013 2377 1050 pro

140 1066 251 1102 certis
292 1065 465 1114 verisque
505 1070 710 1114 posuerunt
749 1078 811 1110 ea‚
854 1077 951 1114 quae
993 1065 1054 1102 vel
1096 1066 1174 1102 veri
1214 1064 1352 1101 similia
1393 1064 1453 1101 vel
1493 1066 1635 1101 incerta
1665 1070 1768 1109 sunt,
1809 1066 1912 1101 etin
1945 1068 2021 1102 tam
2052 1065 2223 1102 diversas
2254 1071 2378 1114 partes

140 1130 410 1176 discesserunt,
451 1136 489 1167 ut
519 1135 636 1168 totam
667 1132 926 1180 quaestionem
965 1131 1089 1168 denuo
1120 1131 1313 1167 instituere
1342 1142 1386 1167 ac
1417 1134 1648 1178 pertractare
1689 1130 1778 1167 mihi
1809 1142 1883 1166 uon
1913 1130 2046 1168 inutile
2080 1143 2163 1168 esse
2194 1131 2376 1170 videatur.

337 1196 431 1232 Cum
460 1197 574 1245 igitur
603 1197 694 1232 mihi
725 1198 962 1245 propositum
991 1197 1056 1240 sit,
1096 1202 1136 1232 ut
1165 1207 1241 1243 quo
1281 1207 1454 1243 quaeque
1492 1201 1663 1244 tempore
1702 1197 1837 1244 prioris
1864 1195 2061 1233 Horatiani
2102 1196 2187 1234 libri
2218 1198 2379 1246 epist-ula

139 1262 281 1311 scripta
309 1263 372 1306 sit,
412 1273 482 1310 pro
513 1263 605 1298 meis
635 1261 779 1299 viribus
809 1273 926 1299 coner
954 1261 1175 1310 explorare,
1215 1273 1289 1298 non
1319 1261 1419 1298 idem
1449 1260 1541 1297 mihi
1571 1261 1681 1304 ordo,
1713 1261 1750 1296 in
1781 1272 1856 1309 quo
1887 1261 2074 1309 epistulae
2102 1263 2250 1310 positae
2279 1268 2377 1308 sunt,

140 1326 347 1363 servandus
368 1326 434 1363 sed
455 1326 502 1363 de
521 1328 567 1363 iis
587 1328 710 1376 primo
731 1326 990 1364 disserendum
1014 1326 1174 1371 videtur,
1211 1338 1308 1375 quae
1328 1327 1480 1374 quando
1500 1332 1606 1363 ortae
1626 1327 1697 1362 sint
1719 1327 1829 1362 certis
1850 1321 2075 1374 quibusdam
2100 1326 2379 1376 luculentisque

139 1390 287 1427 indiciis
307 1395 476 1440 apparet.
528 1390 690 1428 Proinde
711 1391 955 1428 exordiamur
983 1390 1030 1427 ab
1050 1390 1214 1439 epistula
1243 1391 1433 1428 vicesima.
1494 1390 1600 1437 Quae
1621 1403 1705 1427 cum
1728 1390 1867 1440 epilogi
1899 1390 1985 1428 loco
2014 1392 2085 1428 toti
2106 1391 2203 1430 libro
2228 1393 2379 1431 adnexa

141 1457 199 1499 sit,
229 1460 266 1491 et
294 1468 362 1503 per
390 1468 430 1491 se
459 1461 753 1492 consentaneum
780 1460 835 1492 est
864 1460 900 1492 et
920 1467 968 1491 ex
988 1460 1209 1505 argumento
1230 1456 1354 1492 elucet
1374 1467 1456 1491 eam
1478 1457 1657 1504 scriptam
1685 1468 1766 1493 esse
1786 1457 1959 1504 proxime
1978 1460 2181 1505 antequam
2200 1457 2379 1495 Horatius

142 1519 278 1557 librum
309 1533 417 1557 suum
448 1521 591 1569 publici
622 1523 712 1558 iuris
741 1523 893 1559 faceret.
954 1522 1065 1568 Quod
1095 1523 1247 1569 quando
1278 1523 1471 1566 acciderit,
1503 1523 1768 1570 cognoscimus
1798 1537 1818 1558 e
1848 1522 2018 1558 versibus
2050 1521 2099 1557 26
2130 1534 2233 1569 sqq.:

670 1586 768 1622 Forte
798 1599 906 1623 meum
937 1590 967 1623 si
996 1590 1069 1634 quis
1099 1593 1129 1623 te
1152 1587 1407 1635 percontabitur
1435 1599 1565 1634 aevum,

674 1664 724 1686 me
753 1658 872 1699 quater
902 1653 1050 1688 undenos
1079 1655 1167 1687 sciat
1194 1654 1381 1700 implevisse
1412 1652 1626 1698 Decembres,

667 1717 827 1761 collegium
858 1717 1024 1764 Lepidum
1054 1730 1118 1764 quo
1149 1717 1245 1752 duxit
1274 1716 1402 1752 Lollius
1433 1730 1532 1752 anno.

336 1781 562 1830 Quanquam
602 1782 703 1819 doe-ti
745 1783 814 1819 viri
854 1783 947 1819 haee
988 1783 1104 1821 verba
1133 1784 1421 1832 interpretantes
1452 1783 1585 1819 mirum
1617 1783 1654 1819 iu
1686 1783 1836 1819 modum
1866 1782 2100 1818 dissentiunt.
2159 1782 2259 1820 Nam
2289 1797 2376 1822 cum

139 1856 249 1881 nemo
269 1846 441 1883 dubitare
471 1849 601 1896 possit,
633 1849 723 1896 quin
744 1848 905 1897 epistula
926 1847 1000 1885 XX
1022 1853 1107 1898 post
1135 1860 1301 1886 mensem
1322 1849 1570 1886 Decembrem
1597 1862 1628 1887 a.
1655 1847 1745 1896 733,
1775 1860 1850 1897 quo
1871 1861 1969 1886 anno
1992 1848 2136 1887 Lollius
2156 1855 2192 1887 et
2212 1850 2377 1900 Lepidus

140 1911 314 1947 consules
348 1913 514 1957 fuerunt,
557 1915 767 1961 composita
796 1916 859 1957 sit,
898 1919 1024 1951 tamen
1054 1920 1157 1958 sunt,
1198 1916 1261 1962 qui
1292 1916 1415 1950 nimiis
1449 1916 1604 1964 argutiis
1645 1917 1700 1950 usi
1738 1915 1841 1949 aliud
1881 1915 2087 1962 quidquam
2128 1916 2216 1951 inde
2245 1916 2376 1966 colligi

139 1975 264 2023 posse'
288 1976 339 2012 ita
369 1982 523 2026 negent,
565 1984 604 2015 ut
634 1979 895 2027 compluribus
934 1981 1042 2016 annis
1081 1985 1167 2028 post
1205 1992 1343 2016 annum
1377 1977 1452 2015 733
1495 1992 1577 2016 eam
1618 1981 1794 2026 scriptam
1836 1990 1916 2014 esse
1955 1982 2098 2026 putent.
2115 1983 2147 2025 ¹)
2204 1979 2376 2025 Quorum

138 2041 360 2076 senteutiam
389 2043 513 2078 facere
534 2054 609 2079 non
631 2055 783 2091 possum
814 2045 904 2092 quin
927 2044 1040 2081 valde
1058 2044 1281 2092 improbem.
1323 2043 1430 2089 Quae
1450 2045 1548 2080 enim
1572 2056 1684 2080 causa
1711 2049 1833 2092 potest
1853 2044 2075 2093 excogitari,
2107 2056 2175 2081 cur
2197 2043 2376 2082 Horatius

138 2116 213 2140 non
243 2105 323 2141 eius
351 2106 487 2154 ipsius,
524 2119 599 2156 quo
629 2109 830 2157 epistulam
860 2110 1069 2158 scripserit,
1100 2109 1165 2146 sed
1197 2110 1332 2159 prioris
1362 2110 1489 2147 nescio
1520 2111 1625 2146 cuius
1655 2110 1743 2147 anni
1774 2108 1949 2147 consules
1980 2109 2256 2147 nominaverit?
2312 2110 2378 2149 An

139 2175 248 2217 putas
278 2184 362 2208 cum
394 2172 562 2211 Obbario
593 2180 743 2223 poetam
774 2176 844 2212 hac
875 2188 915 2212 re
942 2175 1065 2213 Lollio
1094 2175 1271 2212 familiari
1301 2179 1351 2219 (e.
1376 2175 1442 2218 lv,
1465 2174 1509 2219 9)
1538 2175 1791 2211 testimonium
1822 2176 2010 2211 amicitiae
2039 2175 2152 2211 edere
2181 2177 2219 2211 in
2249 2177 2377 2213 animo

139 2234 337 2272 habuisse?
395 2237 467 2274 Sed
489 2240 798 2288 quandoquidem
819 2240 980 2277 Romani
1009 2241 1057 2277 ad
1082 2252 1202 2278 anuos
1221 2241 1503 2288 distinguendos
1534 2239 1595 2274 vel
1616 2238 1838 2275 indicandos
1868 2239 2066 2274 consulum
2088 2239 2304 2276 nominibus
2324 2241 2378 2276 uti

140 2307 427 2346 consueverant,
451 2315 596 2348 vereor,
620 2310 657 2340 ut
670 2304 718 2340 M.
733 2304 876 2341 Lollius
891 2306 1153 2342 ornatissimus
1167 2304 1270 2341 illius
1286 2305 1418 2341 aetatis
1436 2305 1504 2348 vir,
1526 2315 1637 2352 quem
1652 2303 1700 2340 ab
1711 2303 1886 2353 Augusto
1906 2303 2150 2352 amplissimis
2168 2302 2378 2343 honoribus

139 2362 313 2400 affectum
344 2378 426 2403 esse
456 2373 615 2413 constat,
631 2373 663 2415 ²)
700 2371 800 2418 quod
832 2371 952 2407 obiter
981 2373 1031 2407 ita
1060 2371 1108 2407 ab
1138 2370 1293 2407 Horatio
1325 2372 1537 2406 nominatus
1567 2371 1625 2412 sit,
1656 2380 1816 2417 magnae
1846 2368 1948 2404 laudi
1979 2368 2049 2405 sibi
2081 2370 2245 2405 verterit.
2303 2368 2378 2415 Qui

138 2431 264 2464 autem
282 2428 479 2469 Horatium
509 2435 561 2471 ita
589 2434 758 2472 locutum
788 2448 871 2474 esse
899 2438 1102 2485 opinantur
1131 2431 1331 2484 propterea
1361 2435 1463 2482 quod
1483 2440 1546 2471 aut
1567 2446 1687 2471 annus
1709 2434 2022 2482 quadragesimus
2052 2438 2209 2481 quartus
2229 2434 2379 2471 facilius

337 2582 364 2618 ¹)
387 2580 596 2616 Obbarius
620 2586 653 2615 iu
678 2586 756 2626 epil.
780 2586 824 2617 ad
848 2596 898 2627 ep.
924 2586 958 2626 1.,
983 2585 1041 2625 202,
1066 2590 1145 2618 tom.
1169 2585 1199 2617 2.
1224 2597 1253 2628 p.
1278 2583 1343 2618 558
1366 2592 1438 2625 sqq.
1465 2600 1504 2606 —
1531 2584 1559 2623 ²)
1584 2582 1685 2613 Veli.
1712 2583 1761 2615 ll..
1785 2580 1843 2623 973
1868 2582 1945 2615 Dio
1969 2581 2022 2623 Μ
2046 2581 2099 2614 20.

2111 2639 2129 2669 l

2448 1412 2579 1446 npxx.

2680 96 2693 111 ⁴
2688 9 2709 68 ‚aar

2711 181 2725 198 Α
2706 6 2725 149 [ms-rma,
