2673 3134
0 1254 35 1287 ip.
51 1252 118 1281 m.

184 124 224 161 in
254 124 357 161 hunc
386 120 562 172 ordinem
591 109 747 163 redacta
776 127 813 162 et
831 124 1013 174 evulgata
1032 136 1127 163 esse
1180 124 1371 173 Quoniam
1390 93 2005 175 igiturtrespnoreaearmnuin
2029 103 2034 110 „
2142 93 2530 175 internae-off

186 188 398 238 Quintilem
429 195 467 228 et
496 190 609 228 flnem
639 189 781 228 a.731
817 190 962 239 publici
992 191 1083 227 iuris
1112 184 1232 228 factos
1262 202 1346 228 esse
1375 190 1656 235 constituimus,
1678 190 1822 229 eidem
1845 190 2032 244 tempori
2039 171 2251 248 epistulam
2269 191 2321 230 ‘ad
2340 187 2491 252 Via·

186 255 296 296 nium
322 255 590 307 assignandam
620 267 704 296 esse
733 268 781 294 ex
812 256 869 300 iis
902 268 1001 306 quae
1030 267 1147 306 supra
1175 256 1535 302 demonstravimus,
1565 259 1863 296 consentaneum
1891 254 1959 296 est.
2044 271 2046 273 ¹

387 320 466 359 Iam
498 321 695 357 veniamus
723 320 773 357 ad
802 332 868 357 eas
898 321 1097 370 epistulas,
1130 322 1167 358 in
1198 321 1336 371 quibus
1365 333 1425 359 res
1455 320 1661 371 quaedam,
1693 332 1791 371 quae
1819 321 1973 370 quando
2001 324 2132 371 gestae
2158 310 2250 366 sint,
2288 298 2450 360 aliunde

186 388 376 431 novimus,
408 389 460 424 ita
488 392 846 430 commemorantur
879 392 918 424 ut
945 388 1033 424 inde
1062 388 1110 424 de
1140 387 1329 424 nataliciis
1358 387 1605 436 epistularum
1635 386 1886 436 probabiliter
1912 386 2036 424 liceat
2054 387 2241 424 conicere.

388 452 448 489 Ac
478 453 642 500 primum
672 453 825 501 quidem
857 453 1102 490 inveniuntur
1132 466 1207 490 non
1238 452 1367 490 nullae
1396 450 1600 501 epistulae,
1631 452 1669 488 in
1699 451 1838 499 quibus
1867 450 2122 501 expeditionis
2151 451 2293 488 mentio
2322 451 2365 489 fit
2393 451 2441 490 ab

187 517 363 567 Augusto
394 518 441 556 ab
471 530 505 555 a.
539 515 615 555 733
648 528 767 566 usque
796 518 843 554 ad
875 530 908 555 a.
944 516 1021 555 735
1052 518 1090 555 ἰιι
1112 518 1315 556 Graeciam
1346 522 1382 554 et
1411 517 1594 554 orientem
1613 516 1748 553 factae.
1809 516 1895 563 Qua
1923 517 1961 553 in
1992 516 2236 566 expeditione
2264 528 2366 566 quae
2392 517 2441 556 ab

185 582 364 632 Augusto
385 586 423 619 et
441 581 594 619 Tiberio
614 586 743 630 gestae
764 583 850 625 sint,
883 594 969 619 cum
990 596 1013 620 a
1033 584 1161 620 multis
1183 583 1430 632 scriptoribus
1460 582 1666 619 memoriae
1685 582 1863 619 traditum
1886 587 1953 626 est,
1972 585 2019 627 ¹⁶)
2045 586 2123 618 tum
2144 583 2227 630 ipse
2248 582 2441 632 Augustus

187 648 224 684 in
255 648 501 686 monumento
532 647 632 695 quod
667 651 827 684 vocatur
859 649 1065 697 Ancyrano
1096 650 1148 686 ita
1179 649 1380 698 gloriatur:
1401 650 1448 693 ¹⁷)

720 713 867 749 Parthos
896 716 995 750 trium
1026 716 1208 750 exereitum
1239 716 1349 763 spolia
1379 719 1409 749 et
1437 715 1535 760 siqua
1566 713 1707 748 reddere
1736 714 1816 748 mim
1841 715 2075 762 supplicesque
2104 716 2289 750 amicitiam
2320 716 2440 763 populi

720 779 870 815 Romani
892 784 1011 828 petere
1042 782 1143 826 coeyi.

385 845 433 880 Et
463 845 539 881 alio
572 845 675 881 loco:
695 847 743 889 ¹⁸)

718 910 913 946 Armeniam
954 912 1115 945 ›riaiorem
1151 912 1323 956 interfecto
1360 920 1437 954 reye
1472 910 1544 944 eius
1585 907 1734 944 Armenia
1771 920 1846 942 cum
1880 921 2020 954 possem
2052 912 2176 956 jin-ere
2214 912 2434 958 provinciam,

720 976 825 1012 malui
864 978 1030 1013 maiorum
1067 980 1262 1012 nom-orum
1297 975 1451 1023 exemplo
1487 985 1629 1020 regnum
1662 973 1700 1009 id
1733 973 1871 1021 Ίῖρναηέ
1905 975 1976 1020 reyi
2007 974 2194 1011 Arioi-andi
2217 975 2297 1022 filio
2326 978 2457 1024 nepoti‘

716 1047 828 1077 autem
862 1042 1024 1088 Tiyram's
1053 1043 1142 1087 reyis
1166 1052 1233 1088 per
1264 1040 1315 1076 Τι’.
1349 1039 1516 1075 Neronem
1548 1039 1694 1081 eradere,
1727 1042 1782 1086 qui
1812 1044 1881 1074 mm
1910 1041 1990 1075 mihi
2014 1043 2192 1088 pticiynus
2221 1047 2306 1077 erat.

384 1105 492 1151 Quae
521 1119 581 1143 res
611 1106 809 1155 praeclare
838 1111 967 1155 gestae
995 1112 1033 1143 et
1061 1106 1108 1143 ab
1140 1106 1225 1142 aliis
1256 1105 1357 1141 illius
1387 1105 1520 1141 aetat-is
1550 1105 1672 1152 poet-is
1690 1100 1737 1149 ¹⁹)
1767 1104 1942 1142 laudibus
1975 1106 2210 1143 extolluntur
2239 1120 2361 1154 neque
2390 1108 2437 1144 ab

181 1170 339 1208 Horatio
370 1172 407 1208 in
438 1171 611 1219 epistulis
643 1183 717 1209 non
750 1176 1108 1209 commemorantur.

387 1248 563 1297 Legimus
593 1249 694 1285 enim
727 1249 764 1285 in
794 1248 958 1297 epistula
989 1248 1075 1289 XII,
1109 1248 1159 1285 25
1193 1260 1281 1297 sqq:

718 1313 771 1349 Ne
801 1319 913 1348 tamen
942 1316 1076 1359 ivares
1107 1326 1172 1360 quo
1201 1316 1245 1348 sil
1274 1314 1436 1350 Romana
1466 1314 1538 1349 loco
1566 1326 1634 1356 res,

720 1378 893 1412 Cantaber
926 1379 1114 1425 Afflppae,
1149 1379 1271 1414 Claudi
1299 1381 1418 1413 virtute
1448 1379 1593 1414 Neronis

719 1444 902 1479 Armenius
934 1444 1072 1481 cecidit.-
1102 1446 1154 1480 ius
1187 1446 1427 1491 imperiumque
1459 1445 1627 1481 Phraates

721 1506 886 1543 Caesaris
916 1510 1048 1557 accepit
1073 1508 1215 1553 ,qenibas
1245 1510 1374 1555 mium·;
1405 1520 1513 1544 aurea
1532 1513 1656 1558 srnqes

719 1573 841 1608 Italiae
866 1575 968 1620 pleno
999 1574 1153 1616 defundi!
1185 1575 1293 1622 Copia
1324 1588 1439 1610 cornu.

383 1648 704 1697 Quandoquidem
735 1663 767 1686 a.
794 1649 869 1686 734
901 1652 1010 1699 signa
1031 1652 1210 1689 militaria
1240 1665 1262 1688 a
1282 1651 1430 1688 Parthis
1458 1652 1603 1688 reddita
1623 1658 1659 1688 et
1680 1664 1838 1700 regnum
1862 1652 2066 1688 Armeniae
2086 1651 2238 1700 Tigrani
2259 1652 2438 1689 traditum

184 1727 267 1751 esse
298 1719 335 1751 et
365 1726 386 1751 e
414 1715 663 1763 scriptoribus
693 1728 818 1752 rerum
849 1722 886 1753 et
915 1729 962 1753 ex
994 1718 1157 1755 nummis
1172 1720 1222 1763 ²⁰)
1253 1722 1429 1766 apparet,
1471 1716 1593 1754 eidem
1623 1729 1722 1754 anno
1752 1717 1850 1754 hanc
1880 1716 2082 1766 epistulam
2112 1717 2315 1756 attribuere
2345 1717 2438 1755 nihil

184 1792 444 1830 gravaremur,
488 1782 558 1817 nisi
598 1781 870 1818 dubitationem
913 1783 1095 1819 inicerent
1135 1783 1250 1820 verba
1282 1782 1452 1818 Cantaber
1482 1783 1655 1830 Ayrippae
1685 1784 1800 1818 virtute
1829 1782 1955 1818 cecidit.
2024 1782 2299 1820 Cantabrorum
2338 1783 2438 1819 enim

183 1851 336 1894 gentem
368 1846 589 1883 oonsulibus
621 1846 795 1882 Lucretio
826 1846 955 1883 Sentio
986 1851 1037 1892 (a.
1073 1846 1169 1891 735)
1202 1849 1272 1884 Dio
1304 1854 1429 1885 narrat
1460 1848 1543 1892 (54,
1579 1847 1646 1893 11)
1676 1847 1866 1884 devictam
1893 1860 1991 1890 esse,
2023 1850 2224 1895 postquam
2254 1848 2352 1884 inter
2380 1860 2439 1883 res

184 1911 312 1958 priore
341 1923 442 1947 anno
473 1915 597 1960 gestas
628 1911 771 1947 nullam
804 1913 883 1948 eius
915 1914 1144 1950 mentionem
1165 1914 1266 1950 feeit.
1327 1912 1437 1959 Quod
1469 1914 1499 1950 si
1530 1918 1673 1950 rectum
1704 1898 1819 1954 esset,
1855 1911 2056 1960 epistulam
2087 1911 2160 1947 XII
2190 1924 2222 1949 a.
2257 1911 2332 1948 735
2364 1924 2439 1948 non

185 1988 386 2024 possemus
417 1988 492 2014 non
522 1977 738 2015 attribuere.
799 1977 874 2014 Sed
906 1991 1001 2014 cave
1031 1979 1208 2027 scriptori
1239 1978 1294 2014 illi
1326 1979 1374 2014 de
1403 1978 1636 2026 temporibus
1665 1979 1807 2013 temere
1837 1976 1951 2012 tidem
1982 1976 2133 2014 habeas.
2194 1975 2293 2021 Quid
2314 1976 2438 2013 enim?

182 2040 364 2077 Horatius
395 2054 479 2077 cum
503 2042 643 2077 loeium
667 2042 831 2077 amicum
854 2044 891 2078 in
912 2042 1041 2079 Sicilia
1076 2050 1290 2080 versantem
1321 2044 1367 2079 de
1389 2044 1433 2079 iis
1454 2043 1577 2086 rebus.
1610 2055 1703 2091 quas
1734 2055 1855 2090 nuper
1884 2046 2006 2090 gestas
2028 2041 2093 2077 ille
2115 2042 2280 2077 nondum
2302 2054 2454 2091 cogno-K

186 2111 305 2150 verat,
338 2107 500 2144 edocere
535 2107 660 2143 vellet.
695 2120 819 2144 nonne
849 2109 1034 2144 ridiculus
1064 2109 1207 2146 fuisset.
1239 2110 1269 2144 si
1301 2109 1467 2145 subactis
1499 2107 1696 2144 Cantabris
1726 2120 1790 2144 eas
1821 2118 1975 2155 quoque
2004 2118 2063 2142 res
2094 2106 2312 2149 addidisset,
2344 2118 2441 2154 quae

185 2172 259 2207 iam
290 2176 369 2208 toto
400 2184 500 2208 anno
531 2177 619 2207 ante
650 2184 725 2208 non
756 2174 877 2209 solum
910 2174 1032 2208 factae·
1056 2184 1188 2208 verum
1211 2173 1323 2207 etiam
1346 2184 1366 2207 a
1389 2171 1531 2218 populo
1554 2170 1726 2207 Romano
1748 2183 1893 2206 summa
1916 2171 2057 2206 laetitia.
2078 2170 2290 2207 celebratae
2311 2171 2440 2207 erant?

183 2236 266 2272 Hoc
297 2240 443 2273 tantum
474 2237 593 2280 abest,
626 2242 661 2273 ut
696 2239 798 2273 credi
831 2239 960 2286 possit.
995 2244 1031 2273 ut
1054 2250 1101 2273 ex
1133 2238 1223 2285 ipsis
1245 2237 1459 2273 Horatianis
1492 2237 1662 2273 versibus
1691 2237 1852 2273 efficiam
1875 2235 2085 2273 Cantabros
2106 2236 2239 2272 eodem
2271 2242 2440 2285 tempore

186 2308 385 2351 superatos
426 2316 524 2341 esse.
567 2316 642 2351 quo
682 2305 787 2352 signa
820 2305 1017 2342 Crassiana
1053 2305 1225 2352 Augusto
1257 2302 1502 2339 redderentur
1531 2310 1566 2339 et
1597 2302 1780 2351 Tigranes
1816 2316 1971 2352 regnum
2004 2303 2208 2340 Armeniae
2237 2315 2259 2340 a
2288 2302 2440 2341 Tiberio

185 2370 388 2417 acciperet..
451 2369 533 2415 Qua
566 2384 604 2407 re
634 2371 725 2408 mihi
759 2384 832 2408 non
864 2378 918 2408 est
951 2371 1119 2414 dubium,
1152 2370 1242 2417 quin
1276 2369 1344 2405 Dio
1378 2370 1449 2405 hoc
1480 2368 1564 2405 loeo
1596 2381 1663 2417 per
1692 2370 1852 2407 eundem
1884 2370 2010 2419 lapsus
2041 2371 2086 2406 sit
2118 2381 2296 2413 errorem.
2327 2381 2440 2418 quom

186 2446 302 2482 supra
343 2436 569 2472 notavimus,
638 2435 823 2484 Neglecta
864 2438 962 2472 enim
1003 2437 1197 2474 annalium
1239 2436 1383 2472 ratione
1424 2446 1554 2472 omnes
1590 2448 1648 2472 res
1676 2448 1744 2484 per
1772 2440 1848 2473 tres
1877 2447 1996 2473 annos
2029 2434 2122 2479 733.
2157 2434 2251 2472 734.
2286 2435 2361 2472 735
2392 2435 2439 2473 ab

188 2498 362 2546 Agrippa
392 2500 428 2534 in
452 2499 576 2535 Gallia
610 2505 643 2535 et
666 2500 845 2547 Hispania
880 2512 998 2548 usque
1029 2501 1073 2536 ad
1098 2502 1177 2537 eius
1200 2500 1360 2536 reditum
1383 2500 1419 2534 in
1443 2499 1586 2536 ltaliam
1610 2508 1732 2548 gestas
1755 2502 1940 2538 narrando
1973 2503 2020 2537 ita
2044 2502 2240 2537 coartavit.
2261 2507 2440 2549 tanquam

391 2651 432 2688 ¹⁶)
462 2650 540 2683 Dio
564 2650 616 2684 54.
649 2651 670 2681 8
694 2656 726 2683 et
750 2651 785 2682 9:
816 2652 922 2684 Suet.
950 2653 1036 2694 Aug.
1062 2651 1114 2683 21.
1145 2652 1252 2683 Suet.
1278 2651 1352 2682 Tib.
1378 2650 1399 2681 9
1424 2656 1455 2683 ct
1480 2651 1537 2688 143
1568 2652 1670 2685 veli.
1704 2653 1739 2687 ll,
1771 2653 1823 2685 91.
1854 2653 1942 2685 Tac.
1974 2663 2047 2686 aun.
2073 2653 2111 2685 ll.
2141 2653 2192 2686 94.
2231 2674 2270 2678 ——
2305 2655 2345 2694 17)
2375 2654 2441 2688 Res

186 2708 300 2747 gestae
329 2704 408 2737 Divi
432 2706 581 2749 Augusti
605 2705 656 2738 ed.
683 2705 902 2739 Mommsen
930 2717 958 2748 p.
984 2705 1035 2738 84.
1064 2725 1101 2728 —
1132 2707 1172 2744 ¹⁸)
1197 2706 1218 2737 l.
1246 2706 1266 2737 l.
1293 2716 1323 2747 p.
1349 2704 1400 2737 76.
1428 2724 1466 2729 —-
1495 2708 1535 2745 ¹⁹)
1560 2707 1674 2744 Vei-g.
1701 2708 1784 2740 Aen.
1810 2708 1878 2748 Vll,
1903 2707 1982 2739 605:
2008 2708 2121 2750 Prop.
2150 2708 2199 2739 ΙΙΙ.
2228 2707 2276 2748 10.
2304 2707 2344 2740 13
2367 2717 2439 2750 sqq.

187 2759 223 2790 V.
250 2760 280 2797 6,
306 2758 358 2791 79.
386 2778 425 2783 -
451 2761 496 2798 10)
522 2762 561 2792 cf.
588 2761 824 2794 Mommsen.
854 2763 872 2792 Ι.
901 2764 920 2792 Ι.
948 2774 976 2803 p.
1002 2762 1045 2793 86
1069 2768 1101 2794 ct
1125 2761 1176 2793 77.
