2673 3134
332 123 468 172 Neque
498 125 622 161 minus
652 128 758 159 certo
788 123 888 159 idem
918 123 966 159 de
996 124 1161 173 epistula
1189 133 1291 161 nona
1317 122 1501 171 affirmari
1530 115 1675 170 possetJ
1701 132 1784 170 qua
1803 75 2053 182 Boutta-'‘3’'

2126 50 2158 66 ·,'
2218 52 2221 57 ·
2381 49 2386 52 ”
2482 48 2487 52 ”
2509 54 2522 63 »ο

2064 102 2096 136 ἦ.
2122 121 2134 135 ε
2156 99 2213 136 Τ.
2411 114 2415 117 “
2445 96 2500 129 '2‘-

2207 123 2323 174 orati,
2352 124 2407 168 ‘ut-
2446 140 2457 147 ⁸

2439 168 2468 178 f.
2547 170 2555 177 .
2583 168 2593 184 7

2590 187 2599 203 x

133 190 360 239 Septimium
399 184 589 239 quendam
624 191 787 237 yreyis
825 191 898 225 sui
934 189 1140 231 scribat
1182 193 1212 229 si
1251 194 1355 229 reete
1392 179 1671 228 commentator
1703 175 1957 239 exaquium
1984 171 2131 243 diceret
2164 191 2408 245 Septimium,
2443 203 2470 219 ³

134 258 299 297 eundem
329 269 431 303 esse
467 268 580 306 quem
612 260 727 305 poeta
754 257 794 292 in
824 268 883 305 ep.
915 255 970 292 ΠΙ
999 251 1141 294 Titium
1170 255 1353 306 appellat.
1369 258 1422 302 ²⁸)
1466 255 1553 300 esd
1583 254 1896 305 quandoquidem
1922 260 2013 298 ante
2040 256 2241 298 Christum
2260 263 2393 314 “m

134 324 210 361 duo
242 324 397 361 nomina
424 321 620 372 gentilicia
650 332 843 370 nunquam
886 320 1066 358 videntur
1104 321 1308 360 coniuncta
1343 318 1446 366 esse‚'
1485 321 1698 360 cavendum
1728 325 1802 367 est,
1841 334 1890 360 ne
1918 319 1976 359 illi
2005 327 2149 361 temere
2177 324 2390 369 credamus.

133 390 268 438 Neque
306 394 433 426 tamen
473 389 683 437 quidquam
723 388 866 425 obstat.
908 389 1112 436 quominus
1141 393 1178 425 et
1208 388 1466 437 Porphyrioni
1506 387 1717 425 etrAcroni
1756 386 1870 424 fldem
1910 387 2118 426 habeamus
2157 389 2392 441 tradentibus

134 455 356 503 Septimium
388 454 549 490 eundem
581 466 675 495 esser
708 466 820 501 quem
852 455 888 489 in
921 467 951 489 c.
985 454 1033 498 ΙΙ,
1065 453 1088 489 6
1121 460 1233 502 poeta
1262 456 1316 491 sic
1345 453 1580 501 adloquitur:
2167 444 2170 446 ’
2362 443 2364 447 ’

666 517 807 565 Septimi
842 519 955 555 Gadis
986 520 1118 555 aditure
1146 532 1288 556 naccum.
1908 567 1910 569 v

331 583 405 619 Sed
437 596 520 619 cum
554 595 600 619 ne
632 584 703 619 hac
734 584 886 631 quidem
918 597 957 619 re
988 584 1195 632 quidquam
1227 586 1274 622 ad
1304 590 1453 633 tempus
1484 583 1668 633 epistulae
1698 584 1905 621 eruendum
1937 584 2140 629 efficiatur,
2181 590 2312 631 restat,
2348 591 2390 624 ut

132 650 178 685 ad
212 649 476 685 coniciendum
509 650 785 698 confugiamus,
818 651 846 685 si
870 649 984 686 modo
1015 651 1052 685 in
1073 662 1113 686 re
1134 650 1251 687 dubia
1271 651 1512 687 coniecturae
1539 649 1645 687 locus
1675 655 1741 687 est.
1802 650 1913 696 Quod
1935 652 1965 687 si
1986 652 2234 695 concesseris,
2264 664 2389 692 nonne

131 716 336 752 admodum
369 715 569 763 probabile
600 719 653 752 est
677 714 899 763 Septimium
932 715 967 751 id
998 717 1122 763 ipsum
1153 718 1286 766 egisse„
1319 721 1359 753 ut
1388 718 1427 753 in
1457 716 1652 753 cohortem
1680 716 1910 764 praetoriam
1931 714 2124 754 Tiberium
2146 716 2184 752 in
2205 718 2410 756 orientem·

131 782 396 817 comitaturam
418 794 438 816 a
461 780 602 817 Flacco
626 780 910 816 commendatus
932 782 1190 829 reciperetur?
1223 782 1295 828 Qui
1318 787 1443 819 autem
1465 782 1563 818 hanc
1584 781 1802 829 opinionem
1825 785 2026 830 propterea
2048 780 2277 830 improbant,
2298 784 2389 831 quia

130 849 165 883 iu
188 861 247 894 cp.
272 847 324 883 111
348 848 444 883 inter
467 847 620 883 nomina
640 848 818 883 iuvenum
841 846 1034 884 Tiberium
1058 850 1318 885 comitantium
1341 848 1444 885 nulla
1467 846 1639 895 Septimii
1660 847 1800 883 mentio
1822 845 1900 891 flat,
1930 845 1968 883 hi
1990 857 2124 895 parum
2145 845 2387 884 considerant

129 914 236 950 tertia
271 913 336 949 illa
369 911 530 959 epistula
560 911 715 948 Florum
755 911 802 947 de
838 912 971 948 studiis
1012 913 1179 949 cohortis
1218 913 1264 949 ad
1298 914 1430 961 poesin
1469 912 1727 961 spectantibus
1766 912 2008 961 interrogari,
2049 922 2210 960 quorum
2249 922 2386 960 expers

130 978 333 1025 Septimius
364 978 477 1012 fuisse
508 977 716 1011 existimari
748 982 881 1023 potest.
943 977 1052 1021 Quod
1075 978 1104 1013 si
1126 978 1161 1013 id
1195 983 1366 1014 tenemus
1397 977 1578 1025 epistulas
1598 975 1664 1020 ΙΙΙ,
1687 975 1791 1019 VIII,
1821 974 1872 1011 IX
1909 997 1952 1002 —
1988 987 2206 1023 quanquam
2236 975 2283 1012 de
2313 975 2384 1013 hac

130 1055 204 1077 non
237 1042 349 1089 plane
380 1045 523 1076 certum
557 1053 638 1076 esse
679 1041 849 1077 concedo
896 1064 937 1067 ,⁴
984 1043 1029 1077 ud
1062 1043 1342 1090 expeditionem
1375 1056 1394 1079 a
1426 1042 1579 1080 Tiberio
1620 1043 1656 1077 in
1698 1042 1880 1077 orientem
1921 1042 2060 1077 t'actam
2101 1042 2307 1088 pertinere.
2348 1043 2386 1078 in

129 1113 298 1155 tempora
334 1108 446 1143 lmius
475 1107 732 1154 expedit-ionis
764 1119 877 1154 quam
911 1107 1199 1156 diligentissime.
1228 1109 1417 1155 inquirere
1448 1120 1544 1156 opus
1575 1112 1641 1143 est.

329 1172 386 1208 Ac
427 1173 591 1221 primum
632 1169 786 1220 quidem
827 1171 1021 1209 Tiberium
1073 1174 1144 1209 iam
1186 1174 1233 1210 ab
1274 1174 1379 1209 initio
1418 1177 1599 1209 autumno
1644 1172 1731 1207 anni
1774 1169 1850 1207 732
1893 1170 2106 1220 Augustum
2148 1172 2185 1206 in
2215 1170 2385 1208 Siciliam

129 1241 347 1274 comitatum
380 1250 463 1274 esse
493 1250 618 1286 neque
649 1250 808 1286 usquam
840 1239 1016 1274 traditum
1059 1244 1110 1274 est
1155 1244 1189 1274 et
1224 1253 1267 1275 ea
1306 1252 1347 1274 re
1381 1239 1530 1275 videtur
1559 1237 1693 1281 refelli,
1726 1236 1826 1284 quod
1858 1236 1959 1284 apud
1991 1235 2184 1271 Velleium
2216 1235 2281 1279 (II.
2313 1235 2384 1282 94)

128 1306 289 1351 leg-imus
317 1303 511 1340 Tiberium
544 1305 749 1340 maximam
783 1304 1046 1340 difficultatem
1078 1318 1252 1341 annonae
1282 1311 1316 1341 et
1347 1307 1401 1341 rei
1430 1304 1698 1341 frumentariae
1728 1304 1895 1350 inopiam
1923 1301 2052 1337 Ostiae
2083 1306 2196 1348 atque
2227 1302 2264 1336 in
2294 1291 2389 1339 urbe

127 1369 307 1407 mundato
341 1370 463 1406 vitrici
494 1368 732 1406 moderatum
764 1381 857 1406 esse.
875 1372 925 1415 2ὂ)
984 1368 1083 1415 Quid
1116 1370 1253 1418 igitur?
1296 1382 1420 1407 nonne
1449 1370 1538 1407 hinc
1569 1368 1753 1418 suspicari
1784 1366 1873 1404 licet
1903 1366 2117 1416 Augustum
2149 1366 2186 1401 in
2217 1364 2386 1404 Siciliam

127 1444 309 1472 autumno
340 1436 429 1471 anni
462 1433 540 1471 732
573 1434 879 1483 proficiscentem
914 1447 1042 1471 curam
1074 1447 1248 1472 annonae
1278 1435 1432 1473 Tiberio
1463 1437 1500 1472 in
1533 1435 1625 1472 urbe
1655 1434 1865 1471 remanenti
1896 1432 2120 1470 tradidisse?

328 1500 474 1537 Deinde
505 1501 552 1536 de
583 1500 745 1549 Augusti
777 1501 910 1537 itinere
941 1502 992 1536 ita
1021 1514 1043 1536 a
1072 1501 1196 1537 Dione
1221 1502 1305 1545 (54,
1329 1501 1351 1536 7
1372 1505 1476 1549 sqq.)
1507 1502 1722 1545 edocemur,
1755 1505 1795 1537 ut
1826 1512 1911 1537 eum
1942 1501 2093 1536 ineunte
2123 1510 2223 1534 anno
2256 1496 2331 1535 733
2364 1512 2384 1536 e

125 1567 255 1602 Sicilia
288 1566 498 1614 profectum
537 1577 623 1599 cum
653 1576 722 1612 per
751 1563 924 1612 Spartam
957 1570 991 1599 et
1022 1565 1195 1601 Athenas
1226 1565 1379 1602 Samum
1410 1568 1583 1615 petisset,
1623 1566 1712 1602 inde
1741 1577 1831 1601 vere
1861 1577 1893 1600 a.
1928 1563 2004 1600 734
2035 1565 2072 1598 in
2102 1562 2318 1610 Bithyniam
2348 1569 2385 1600 et

124 1631 275 1678 Syriam
307 1631 422 1666 ivisse
454 1634 488 1665 et
522 1632 722 1677 postquam
754 1630 889 1664 iterum
911 1628 1013 1665 Sami
1045 1629 1261 1674 hiemasset,
1292 1642 1324 1667 a.
1351 1630 1427 1667 735
1459 1633 1497 1668 in
1518 1631 1664 1667 Italiam
1696 1630 1839 1667 redisse
1869 1632 2026 1665 constet.
2086 1628 2136 1664 At
2168 1628 2214 1664 de
2244 1627 2384 1667 Tiberii

124 1697 369 1744 expeditione
410 1707 508 1743 quae
549 1695 848 1742 ascriptoribus
887 1695 1024 1731 tradita
1065 1701 1167 1732 sunt.
1209 1698 1383 1744 quamvis
1424 1696 1562 1744 exigua
1600 1700 1633 1731 et
1666 1695 1847 1738 obscura,
1889 1692 2114 1743 colligamus
2154 1698 2189 1729 et
2219 1694 2315 1730 inter
2343 1707 2383 1731 se

124 1772 391 1808 comparemus
430 1771 585 1794 necesse
626 1763 682 1793 est
713 1760 836 1793 missis
867 1760 911 1793 iis
944 1759 1051 1795 locis.
1084 1761 1146 1806 qui
1179 1760 1272 1795 nihil
1304 1760 1412 1796 nobis
1444 1760 1600 1796 subsidii
1632 1759 1803 1795 afferunt.
1822 1762 1872 1803 ²⁵)
1935 1759 2111 1806 Legimus
2142 1759 2255 1806 igitur
2284 1759 2383 1806 apud

124 1825 346 1862 Suetonium
380 1823 482 1869 (Tib.
515 1823 576 1866 9);

329 1891 441 1927 Ducto
473 1890 521 1927 ml
560 1892 720 1926 orientem
751 1893 899 1926 eii-erem(
942 1902 1079 1937 reynum
1112 1892 1295 1928 Awmemae
1330 1891 1469 1938 Tiyraui
1499 1892 1640 1927 restituit
1670 1902 1710 1925 ac
1734 1902 1801 1938 pro
1832 1888 1993 1925 tribunali
2023 1888 2181 1924 diadema
2212 1890 2380 1936 imposuit.

125 1959 265 2004 Recepi!
299 1964 329 1992 e!
358 1960 470 1999 sicma
502 1968 589 2002 quae
620 1957 669 1991 M.
703 1957 833 1990 (Mass-0
863 1958 1062 1992 ademerant
1093 1958 1222 1993 Par-Ilei.

324 2022 437 2070 Apud
469 2022 631 2059 eundem
663 2021 754 2058 alibi
786 2020 887 2066 (rib.
925 2021 1012 2067 14):

325 2088 371 2124 Et
409 2090 562 2132 iimresso
601 2090 749 2134 primam
782 2088 1030 2134 expeditionem
1072 2102 1112 2124 uc
1149 2102 1213 2136 per
1253 2088 1494 2124 Macedomam
1537 2087 1674 2122 <lucente
1711 2088 1894 2122 exercitum
1935 2100 1968 2121 m
1998 2085 2134 2133 Syrium
2172 2086 2309 2131 accidit,
2349 2091 2385 2121 ut

124 2155 220 2202 apud
250 2155 425 2200 Philippos
460 2173 503 2178 -
540 2158 574 2187 et
606 2165 743 2201 quae
736 2159 944 2200 sequuntur
974 2166 1048 2189 non
1079 2156 1126 2189 ad
1159 2159 1326 2189 nostram
1357 2165 1436 2188 rem
1467 2153 1704 2200 pertinentia.

320 2219 392 2255 Dio
417 2219 480 2261 54,
504 2219 528 2255 9
552 2220 858 2256 commemoratis
880 2219 924 2255 iis
946 2219 1070 2256 rebus.
1104 2231 1198 2267 quas
1222 2220 1416 2268 Augustus
1437 2220 1474 2254 in
1495 2218 1607 2266 Syria
1627 2217 1970 2261 administraverat,
1997 2218 2046 2253 ita
2070 2228 2224 2253 narrare
2244 2216 2383 2265 pergit:

123 2286 215 2320 Τῶν
245 2295 289 2319 τε
311 2283 535 2332 Ἀρμενίων
564 2286 645 2320 τῶν
674 2282 823 2333 ἑτέρων
856 2286 933 2322 τοῦ
960 2297 1003 2321 τε
1024 2283 1274 2334 Ἀρταβάζου
1303 2279 1660 2336 κατηγορησάντων
1688 2278 1754 2318 καὶ
1784 2278 1854 2318 τὸν
1875 2278 2080 2332 Τιγράνην
2106 2279 2178 2318 τόν
2204 2277 2383 2329 α’δελφύν

119 2347 245 2384 αὐτοῦ
282 2343 325 2383 ἐν
360 2350 408 2397 τῇ
442 2345 581 2397 Ῥώμῃ
627 2344 722 2384 ὄντα
766 2348 1181 2399 μεταπεμψαμένων,
1218 2348 1372 2386 ἔστειλε
1409 2346 1479 2386 τὸν
1517 2344 1731 2395 Τιβέριον,
1774 2343 1885 2388 ὅπως
1918 2344 1990 2383 τόν
2024 2343 2102 2393 μὲν
2138 2341 2284 2396 ἐκβάλῃ
2312 2345 2383 2395 τῆς

118 2409 342 2461 βασιλείας,
372 2408 442 2449 τόν
472 2408 515 2449 δὲ
548 2408 586 2454 ἒς
616 2410 740 2464 αὐτήν
769 2409 1102 2465 α’ποκαταστήσῃ.
1160 2411 1226 2452 καὶ
1257 2409 1446 2463 ἐπράχθη
1478 2408 1554 2460 μὲν
1582 2405 1701 2448 οὐδὲν
1720 2411 1790 2461 τῆς
1819 2410 2073 2461 παρασκευῆς
2102 2405 2228 2447 αὐτοῦ
2252 2404 2380 2452 ἄξιον-

118 2474 151 2508 υἱ
187 2471 259 2523 γάρ
289 2472 502 2523 Ἀρμένιοι
539 2472 610 2510 τόν
637 2472 890 2526 Ἀρταβάζην
919 2475 1256 2522 πρυαπέκτειναν·
1288 2474 1310 2511 ὁ
1339 2474 1376 2511 δ’
1405 2469 1474 2511 οὖν
1506 2473 1711 2523 Τιβέριος,
1739 2471 1865 2515 ἄλλαῖς
1893 2485 1936 2509 τε
1966 2472 2032 2510 καὶ
2063 2470 2210 2522 suetan*
2237 2470 2382 2508 θυσίαι

119 2532 191 2573 ἐπὶ
220 2535 347 2586 τούτῳ
377 2532 691 2587 ἒψηφίσθησαν,
721 2532 964 2586 ἐσεμνύνετο
995 2537 1046 2581 ὥς
1073 2537 1140 2577 καὶ
1172 2536 1256 2577 κατ’
1282 2535 1431 2589 α’ρετήν
1459 2551 1498 2575 τι
1527 2536 1718 2589 ποιήσας·
1749 2560 1757 2568 ·
1794 2559 1802 2567 ·
1841 2558 1850 2568 ·
1879 2535 1902 2576 ὁ
1936 2535 2126 2587 Τιβέριος
2154 2532 2232 2584 μὲν
2260 2532 2310 2585 δή
2339 2530 2382 2572 ἐκ

116 2598 270 2637 τούτων
300 2596 528 2650 ἓγαυροῦτο,
557 2598 579 2636 ὁ
610 2596 654 2637 δὲ
686 2597 912 2649 Αὔγουστος
943 2600 984 2645 ἔς
1013 2614 1056 2639 τε
1085 2601 1159 2654 τήν
1189 2601 1333 2651 Σάμον
1367 2600 1575 2655 ἐπανῆλθε
1605 2600 1818 2642 κᾶνταῦθα
1847 2597 1968 2646 αὖθις
1998 2599 2202 2651 ἒχείμασε.

318 2708 362 2747 ²³)
385 2706 582 2743 Hauthal,
609 2718 639 2737 v.
666 2706 703 2739 ΙΙ.
728 2718 758 2749 p.
785 2706 850 2739 388
873 2714 992 2750 annot3
1018 2710 1058 2741 εἰ.
1083 2709 1231 2741 Acron.
1257 2709 1386 2741 ibidem
1410 2720 1440 2751 p.
1466 2708 1541 2741 386.
1573 2728 1612 2732 —
1639 2710 1682 2749 ²⁴)
1705 2709 1830 2743 Confer
1854 2710 1895 2742 de
1921 2709 2041 2741 eadem
2065 2717 2100 2739 re
2125 2707 2234 2739 Suet.
2259 2702 2336 2736 Tib·
2361 2703 2383 2734 8

117 2768 149 2793 et
174 2772 261 2794 mon.
286 2764 414 2803 Ancyr.
439 2762 492 2794 ed.
517 2762 736 2795 Mommsen
759 2772 791 2804 p.
818 2761 875 2801 13,
907 2763 966 2795 ubi
991 2763 1167 2804 Augustus
1191 2764 1383 2805 principum
1415 2773 1510 2795 more
1539 2774 1600 2806 per
1633 2774 1670 2797 se
1694 2766 1807 2806 ipsum
1828 2766 1955 2796 fictrun
1979 2772 2051 2796 esse
2076 2761 2257 2804 gloriatur,
2290 2758 2382 2800 quod

115 2818 210 2851 illius
233 2820 327 2852 iussu
350 2817 511 2852 Tiberius
534 2819 670 2851 fecerat.
696 2836 736 2842 ——
762 2818 805 2858 ²⁵)
829 2823 867 2851 ut
890 2828 978 2851 mon.
1003 2818 1129 2858 Ancyr.
1156 2817 1208 2850 ed.
1232 2816 1454 2850 Mommsen
1478 2828 1515 2860 p.
1536 2815 1580 2850 76
1605 2822 1638 2851 et
1660 2815 1742 2853 Tac.
1763 2828 1841 2854 ann.
1863 2816 1902 2859 11,
1926 2816 1957 2850 3.
