2673 3134
115 2372 220 2404 aaz

34 2503 195 2539 Eminet
207 2502 291 2530 xvu

116 2571 205 2602 ιμι

1406 2 1557 41 ιθν·

296 136 394 174 obiit
419 136 537 184 paulo
572 140 777 189 antequam
803 136 983 178 Horatius
1011 136 1213 196 epistulam
1252 138 1300 173 ad
1332 137 1487 189 vilicum
1518 134 1785 177 conscriberet.
1854 132 1951 170 Uterss
1976 109 2139 183 ιδ
2138 123 2670 193 animati&

296 211 328 236 o.
359 197 433 244 111,
468 198 516 236 17
546 198 779 249 appelletur,
809 199 1015 249 disceptari
1045 210 1121 237 non
1150 191 1287 249 potest.
1352 200 1458 239 Nihil
1485 200 1689 251 habemus,
1728 209 1798 236 cur
1821 185 2087 243 existimemus
2108 154 2235 248 illum
2261 208 2352 249 esse
2357 198 2567 251 euffisms
2606 192 2673 254 ξ

296 264 405 302 cuius
427 264 578 312 ,mortis
616 265 654 302 in
692 263 857 314 epistula
886 262 980 301 xlv
1021 265 1163 302 mentio
1200 264 1277 302 flat.
1346 263 1386 303 Si
1415 270 1541 303 autem
1571 264 1619 302 ad
1649 259 1892 316 superstitem
1909 255 2087 300 lamiam
2113 256 2285 320 carmina
2311 266 2383 305 illa
2399 268 2549 332 scripta
2627 264 2673 322 ’,ᾗ

296 333 400 373 sunt,
440 330 478 365 id
509 329 611 376 quod
641 328 776 366 eodem
805 330 888 366 iure
915 330 1021 366 credi
1051 335 1192 378 potest,
1233 330 1326 367 nihil
1356 342 1406 366 ex
1436 330 1513 367 illis
1550 331 1599 367 de
1626 334 1798 377 tempore
1826 325 2013 376 epistulae
2054 316 2207 367 nostrae
2235 331 2438 380 colligere
2445 333 2545 373 lieet.
2582 342 2587 349 ¹

494 392 681 443 Eclogam
711 397 860 431 sextam
889 399 977 444 post
996 407 1137 433 annum
1161 395 1239 433 729
1260 401 1382 434 ortam
1403 409 1487 435 esse
1508 407 1663 434 necesse
1682 399 1737 432 est
1755 393 2000 438 constituere,
2021 394 2124 442 quod
2144 390 2331 443 porticum
2353 396 2556 449 Agrippae
2576 390 2587 395 “

298 471 409 495 versu
432 458 483 494 26
505 449 843 496 commemoratam
873 459 940 496 illo
969 472 1071 497 anno
1101 461 1342 498 aedificatam
1372 453 1456 498 esse
1475 462 1547 498 Dio
1569 460 1653 507 (53,
1676 460 1747 506 27)
1777 460 1982 496 memoriae
2012 459 2189 507 prodidit.
2248 462 2338 499 Alia
2367 466 2548 512 temporis

295 522 437 560 indicia
466 523 504 559 in
534 523 607 560 hac
636 523 802 572 epistula
831 525 987 562 invenio
1018 524 1134 563 nulla.

493 586 672 625 Secunda
700 587 864 636 epistula
892 589 985 638 quin
1014 590 1063 627 ad
1093 591 1256 629 eundem
1279 592 1441 629 Lollium
1471 593 1612 641 scripta
1640 592 1698 635 sit,
1729 591 1778 628 ad
1807 602 1921 640 quem
1951 591 2276 635 duodevicesima,
2309 594 2374 629 vix
2402 590 2547 633 dubita-

296 654 407 689 veris.
467 653 565 689 Nam
596 653 698 700 quod
732 654 834 689 Acro
864 655 979 690 tradit
993 658 1044 699 ⁸⁶)
1075 657 1175 691 hunc
1197 657 1359 692 Lollium
1390 658 1438 693 ad
1460 657 1699 693 consulatum
1728 657 1948 704 pervenisse
1977 656 2110 691 merito
2132 656 2280 691 virtutis
2305 660 2344 692 et
2361 657 2546 695 beneficio

294 718 481 763 Caesaris,
513 719 551 756 id
582 731 651 767 pro
682 719 803 756 nihilo
833 725 936 768 puto.
998 719 1095 758 Nam
1126 727 1276 769 praeter
1304 733 1390 758 eum
1423 721 1599 765 Lollium,
1630 720 1695 769 qui
1721 731 1821 757 anno
1844 718 1920 757 733
1951 719 2087 757 consul
2107 720 2188 764 fuit,
2206 721 2256 765 ³⁷)
2296 732 2407 758 nemo
2437 722 2546 760 huius

294 785 459 822 nominis
499 784 702 822 consulatu
741 785 891 822 functus
931 790 997 824 est.
1064 785 1277 835 Epistulam
1316 791 1442 824 autem
1482 786 1588 824 illam
1626 798 1659 823 a.
1693 784 1770 823 734
1809 787 1990 835 scriptam
2029 798 2112 823 esse
2149 798 2265 835 supra
2302 788 2546 826 ostendimus.

295 849 397 895 Quid
428 850 566 899 igitur?
611 862 738 887 nonne
777 851 1024 899 ineptissime,
1063 864 1112 888 ne
1150 853 1275 889 dicam
1311 853 1613 895 insolentissime,
1653 852 1832 887 Horatius
1871 851 2061 886 consulari
2105 852 2184 886 viro
2225 852 2317 887 talia
2346 859 2550 901 praecepta

295 917 477 961 dedisset,
507 917 637 965 qualia
667 918 703 954 in
735 917 898 965 epistula
928 917 1060 955 XVIII
1091 919 1275 968 legimus?
1331 918 1409 956 Suo
1439 920 1551 968 igitur
1585 919 1666 955 iure
1696 917 1767 954 viri
1797 916 1911 960 docti,
1954 916 2055 965 quod
2085 917 2216 960 seiam,
2257 927 2388 956 omnes
2418 925 2551 968 putant

296 983 463 1020 Lollium
503 984 701 1020 consulem
744 984 804 1020 vel
843 990 991 1033 patrem
1034 986 1094 1022 vel
1130 986 1298 1034 aliquem
1342 992 1432 1024 natu
1472 985 1653 1023 maiorem
1692 986 1870 1032 agnatum
1915 982 1994 1019 eius
2032 981 2163 1025 fuisse,
2213 982 2259 1019 ad
2301 994 2413 1031 quem
2452 983 2550 1022 duae

297 1048 484 1097 epistulae
522 1047 755 1085 Horatianae
793 1048 959 1097 scriptae
998 1051 1081 1086 sint.
1152 1051 1223 1088 Hic
1265 1056 1467 1101 postquam
1509 1051 1570 1086 sub
1609 1051 1761 1096 Auyusto
1800 1047 1883 1082 duce
1917 1058 2005 1094 puer
2044 1058 2180 1082 saecum
2223 1048 2374 1083 ualidam
2404 1054 2434 1083 et
2463 1050 2548 1084 bella

296 1113 504 1151 Cardabrica
533 1115 615 1160 tulii,
633 1116 684 1159 ³⁸)
725 1126 901 1150 reversus
933 1127 1019 1150 cum
1051 1115 1118 1152 illo
1150 1117 1187 1152 ιιι
1216 1116 1367 1154 Italiam
1406 1128 1505 1153 anno
1540 1115 1614 1151 729
1657 1114 1717 1152 vel
1747 1115 1853 1151 initio
1893 1114 1983 1151 anni
2016 1112 2091 1150 730
2107 1116 2157 1158 ³⁹)
2187 1113 2332 1151 Romae
2361 1115 2399 1151 in
2427 1115 2551 1152 studia

296 1180 539 1228 eloquentiae
552 1183 603 1225 ⁴⁰)
636 1180 786 1217 videtur
815 1180 1033 1218 incubuisse
1062 1194 1108 1218 eo
1130 1182 1291 1219 consilio
1323 1186 1363 1218 ut
1382 1188 1515 1231 postea
1535 1180 1583 1217 ad
1604 1192 1682 1217 rem
1704 1179 1895 1228 publicam
1916 1179 2126 1217 accederet.
2183 1178 2293 1226 Quod
2323 1181 2354 1217 si
2374 1180 2551 1218 Horatius

297 1257 384 1281 eum
424 1245 610 1293 epistulae
649 1246 840 1282 secundae
881 1258 992 1282 versu
1032 1246 1084 1283 68
1125 1247 1294 1295 appellat
1328 1260 1493 1294 puerum,
1547 1247 1747 1287 habemus,
1788 1244 1888 1292 quod
1929 1245 2025 1280 hanc
2070 1246 2270 1293 epistulam
2312 1245 2426 1293 paulo
2466 1251 2552 1294 post

297 1311 461 1348 reditum
492 1312 573 1348 eius
612 1324 660 1347 ex
699 1311 884 1359 Hispania
923 1317 959 1348 et
997 1313 1130 1360 paucis
1169 1313 1280 1349 annis
1319 1317 1410 1349 ante
1445 1311 1793 1349 duodevicesimam
1834 1315 2008 1358 putemus
2047 1314 2169 1347 ortam
2209 1323 2309 1354 esse,
2351 1322 2465 1359 quam
2504 1310 2551 1347 ad

299 1381 506 1414 exeuntem
537 1388 677 1413 annum
712 1374 788 1413 734
820 1389 935 1426 supra
965 1377 1187 1416 rettulimus.
1248 1378 1369 1415 Nimis
1399 1383 1532 1428 argute
1567 1389 1652 1414 meo
1688 1375 1841 1425 quidem
1882 1375 2021 1411 iudicio
2051 1374 2266 1421 Franke⁴¹)
2307 1388 2326 1411 e
2359 1387 2469 1412 versu
2502 1376 2550 1413 52

836 1448 870 1478 a!
899 1444 1029 1492 lippum
1055 1446 1167 1492 pictae
1198 1445 1344 1491 tabulae,
1367 1447 1558 1491 fomenta
1582 1443 1776 1492 podaymm

299 1508 444 1557 aliquid
476 1508 523 1544 de
544 1513 759 1557 temporum
780 1509 927 1546 ratione
956 1510 1099 1547 eruisse
1127 1510 1198 1547 sibi
1227 1511 1330 1547 visus
1359 1516 1425 1547 est.
1485 1510 1635 1547 Etenim
1666 1509 1718 1545 ita
1736 1520 1833 1545 eum
1854 1509 2120 1556 interpretatus
2141 1512 2209 1551 est,
2239 1512 2419 1556 tanquam
2441 1516 2554 1557 poeta

302 1574 374 1610 hoc
424 1574 511 1611 loco
562 1576 772 1621 antiquatam
818 1576 911 1610 illam,
952 1576 1127 1611 curandae
1161 1578 1342 1624 podayrae
1382 1580 1545 1613 ratione-m
1585 1576 1714 1622 oblique
1750 1587 1826 1610 cum
1861 1575 1923 1609 leci
1958 1579 2144 1621 contemptu
2192 1575 2414 1621 respexisset,
2464 1586 2552 1621 qnae

295 1646 377 1688 post
414 1641 625 1677 nobilitatam
665 1642 803 1678 Antonii
831 1640 965 1678 Musae
1009 1644 1213 1679 curationem
1238 1644 1385 1690 'penitus
1424 1642 1566 1689 explosa
1604 1646 1701 1677 esset.
1772 1638 1854 1677 Hoc
1903 1640 1934 1676 si
1986 1642 2131 1677 rectum
2181 1644 2297 1684 esset,
2349 1639 2550 1688 epistulam

301 1711 525 1754 sequeretur
565 1707 747 1753 scriptam
788 1719 870 1743 esse
913 1707 973 1743 vel
1013 1708 1097 1755 ipso
1136 1719 1236 1744 anno
1279 1706 1351 1743 731
1397 1708 1458 1743 vel
1489 1707 1603 1755 paulo
1635 1710 1731 1754 post.
1747 1708 1798 1750 ⁴²)
1858 1706 1999 1742 Verum
2044 1706 2112 1741 etsi
2146 1710 2332 1751 lomentum
2369 1719 2392 1742 a
2434 1706 2551 1743 verbo

291 1770 436 1818 ¹fovendi
473 1771 687 1814 derivatur,
729 1781 856 1808 tamen
896 1772 933 1808 in
973 1772 1041 1808 illo
1082 1772 1271 1809 vocabulo
1308 1769 1417 1809 >notio
1457 1771 1596 1808 caloris
1635 1771 1772 1807 sensim
1808 1770 1904 1806 adeo
1940 1770 2095 1806 evanuit
2125 1774 2164 1805 ut
2193 1782 2268 1806 non
2299 1771 2421 1807 minus
2451 1776 2553 1807 rec-te

301 1836 350 1872 de
387 1835 535 1884 frigidis
575 1836 859 1883 cataplasmatis
898 1841 1154 1884 usurparetur.
1225 1837 1281 1873 Ita
1321 1841 1357 1873 et
1395 1841 1524 1873 noster
1562 1838 1599 1873 in
1640 1848 1697 1884 ep.
1729 1836 1759 1880 1,
1791 1834 1828 1879 3,
1861 1835 1933 1872 26:
1962 1836 2096 1884 sriyida
2126 1848 2286 1873 curarum
2305 1839 2474 1884 fomenta,
2516 1841 2553 1872 et

302 1900 507 1938 Suetonius
537 1901 575 1937 in
605 1913 650 1937 eo
681 1902 777 1949 ipso,
809 1912 921 1949 quem
950 1902 1099 1939 Franke
1134 1902 1271 1946 attulit,
1313 1902 1418 1939 loco:
1434 1903 1485 1946 ⁴³)
1525 1902 1733 1938 contrariam
1752 1905 1783 1936 et
1802 1901 1966 1937 rationem
1986 1902 2165 1948 ancipitem
2185 1900 2340 1937 recedendi
2358 1901 2552 1937 necessario

302 1967 415 2015 subiit,
453 1969 532 2016 φάο
562 1967 676 2004 calida
695 1970 855 2015 fomenta
885 1979 950 2004 non
972 1968 1175 2016 proderant,
1197 1968 1533 2015 sriyidis-carare
1563 1971 1699 2003 coactus
1729 1972 1865 2003 auclore
1896 1968 2040 2004 Antonio
2069 1966 2186 2004 Musa.
2246 1966 2331 2013 Qua
2359 1967 2408 2004 de
2437 1978 2552 2003 causa

303 2033 332 2068 si
373 2036 488 2081 poeta
525 2032 582 2076 id,
622 2032 724 2080 quod
763 2032 915 2069 Franke
950 2045 1035 2070 eum
1076 2034 1267 2071 dicentem
1298 2032 1423 2082 fingit,
1463 2032 1592 2069 dicere
1619 2032 1658 2068 in
1687 2032 1813 2069 animo
1843 2033 2055 2076 habuisset,
2096 2033 2329 2070 adiectivum
2367 2033 2478 2068 calida
2517 2032 2552 2068 ei

302 2098 545 2135 adiciendum
575 2098 654 2134 fuit.
715 2096 827 2143 Quod
858 2100 1038 2147 quoniam
1070 2111 1145 2136 non
1175 2099 1333 2143 adiecit,
1375 2098 1619 2146 perspicuum
1654 2102 1712 2133 est
1749 2109 1834 2134 eum
1875 2098 1946 2134 hoc
1986 2098 2072 2135 loco
2108 2098 2202 2135 nihil
2232 2098 2372 2148 egisse,
2412 2098 2483 2135 nisi
2514 2101 2553 2133 ut

301 2163 516 2201 declararet
545 2164 721 2200 fomentis
751 2163 905 2200 dolores
934 2164 1095 2213 podagri
1124 2165 1164 2201 in
1194 2165 1410 2213 praesentia
1438 2164 1602 2213 mitigari
1633 2175 1756 2212 neque
1785 2168 1910 2201 tamen
1941 2164 2112 2202 morbum
2133 2164 2257 2213 ipsum
2278 2162 2373 2200 tolli.
2422 2162 2440 2200 1
2507 2173 2554 2198 ue

297 2231 442 2268 reiecta
470 2229 541 2267 illa
569 2230 885 2278 praestantissimi
910 2231 979 2266 viri
1000 2232 1189 2268 sententia
1219 2230 1385 2267 contenti
1406 2229 1693 2281 esse-debemus
1713 2230 1780 2273 eis,
1812 2240 1909 2277 quae
1928 2241 2045 2278 supra
2064 2229 2322 2277 exposuimus,
2354 2227 2554 2276 epistulam

297 2297 505 2333 secundam
533 2300 656 2333 ortam
686 2308 769 2332 esse
797 2308 898 2333 anno
932 2295 1009 2332 730
1039 2300 1105 2332 aut
1133 2308 1233 2333 anno
1265 2294 1338 2332 731
1373 2301 1439 2332 aut
1469 2293 1558 2331 732.

498 2362 557 2398 De
586 2362 774 2409 epistulae
802 2361 975 2398 decimae
1004 2367 1176 2410 tempore
1204 2361 1300 2399 nihil
1330 2373 1531 2410 possumus
1562 2362 1788 2399 constituere
1818 2361 1888 2400 nisi
1908 2361 1981 2400 hoc
2012 2374 2140 2406 unum,
2171 2362 2273 2411 quod
2295 2376 2317 2400 e
2336 2361 2508 2399 versibus
2529 2359 2552 2397 2

301 2432 337 2464 et
367 2425 417 2464 49
449 2426 575 2465 elucet
603 2439 688 2465 eam
717 2426 899 2476 scriptam
929 2439 1012 2464 esse
1041 2431 1292 2477 posteaquam
1320 2426 1501 2466 Horatius
1515 2425 1690 2466 'Sabinos
1719 2438 1807 2466 suos
1835 2428 2047 2478 accepisset
2074 2426 2174 2473 (720
2204 2426 2267 2466 vel
2298 2425 2405 2473 721).

502 2491 694 2539 Quoniam
723 2493 896 2541 epistulis
927 2492 981 2529 XI
1011 2498 1047 2530 et
1075 2493 1188 2530 XVII
1216 2494 1359 2530 indicia
1387 2498 1601 2542 temporum
1632 2505 1785 2542 prorsus
1814 2493 1967 2535 desunt,
2007 2493 2250 2541 relinquitur,
2291 2498 2331 2528 ut
2359 2492 2406 2528 de
2435 2492 2553 2527 tribus

303 2561 348 2595 iis
378 2560 569 2606 epistulis,
610 2571 705 2606 quas
734 2560 911 2596 Horatius
950 2560 997 2595 ad
1028 2560 1287 2597 Maecenatem
1327 2560 1496 2607 scripsit,
1537 2560 1668 2606 paucis
1706 2560 1899 2597 disseram.
1964 2560 2132 2605 Quarum
2162 2560 2323 2608 primam
2352 2557 2552 2607 prologum

504 2668 548 2704 36)
572 2667 750 2698 nnumin
776 2666 813 2704 ιι,
837 2665 910 2698 472.
938 2685 978 2691 -
1004 2668 1046 2705 37)
1071 2669 1110 2699 ef.
1135 2677 1166 2708 p.
1184 2646 1222 2699 i.
1261 2685 1299 2690 —
1337 2668 1380 2706 ³⁸)
1403 2677 1454 2709 ep.
1480 2666 1596 2701 xvnr
1621 2677 1652 2696 v.
1676 2666 1729 2697 55.
1759 2686 1800 2691 -
1831 2669 1874 2706 ³⁹)
1897 2668 2128 2707 uommoen,
2154 2666 2324 2700 romische
2349 2664 2552 2698 casamento

305 2721 343 2764 V,
373 2732 404 2763 p.
429 2719 489 2762 583
520 2720 621 2761 idem,
648 2730 734 2753 mou.
758 2721 896 2761 Ancyr„
927 2730 956 2762 p.
982 2719 1034 2752 71.
1067 2739 1108 2744 -—
1139 2723 1181 2760 ω)
1211 2720 1382 2753 declamas
1406 2720 1443 2760 II,
1472 2719 1502 2752 2.
1535 2738 1575 2743 —
1606 2720 1649 2758 ιι)
1678 2730 1708 2763 p.
1733 2719 1808 2754 200.
1840 2740 1880 2745 —
1911 2722 1955 2762 η)
1984 2734 2014 2753 v.
2038 2731 2140 2765 supra
2163 2730 2193 2764 p.
2218 2719 2248 2752 8.
2292 2737 2331 2743 -
2375 2719 2417 2757 ⁴³)
2445 2718 2551 2749 Suet.

304 2774 419 2808 Octav.
444 2775 496 2806 81.
